3000 4684
859 417 1345 487 EPISTOLA
1392 416 1531 486 AD
1580 413 2051 484 PISONESJ

2350 409 2496 508 475

397 555 682 626 Effutire
712 551 888 624 leves
920 551 1200 647 indigna
1235 550 1562 648 tragoedia
1597 573 1824 622 versus
1841 603 1861 639 ,

397 676 498 744 Ut
528 673 709 743 festis
740 687 1053 742 matrona
1086 673 1339 742 moveri
1367 672 1551 766 jussa
1582 669 1852 758 diebus,

398 793 716 868 Intererit
746 791 996 885 Satyris
1028 775 1742 884 paulum-pudibunda*
1764 787 2119 882 protervis.

494 913 653 984 Non
686 911 813 1008 ego
844 912 1159 982 inornata
1190 927 1257 982 et
1288 909 1712 993 dominantia
1747 909 2026 980 nomina
2057 906 2272 980 solum
2291 960 2310 998 ‚

399 1033 790 1126 Verbaque,
821 1018 1132 1120 medaea,
1166 1033 1556 1124 Satyrorum
1591 1031 1882 1123 scriptor
1911 1027 2184 1116 amabo,

2377 1025 2492 1084 235

398 1152 543 1222 Nec
574 1153 669 1221 sie
700 1153 918 1256 enitar
952 1151 1211 1245 tragico
1246 1148 1524 1220 differre
1556 1145 1806 1253 colori,

396 1270 494 1339 Ut
520 1268 689 1340 nihil
719 1271 1021 1382 intersit,
1056 1271 1373 1342 Davusne
1406 1266 1751 1362 loquatur,
1789 1281 1860 1338 et
1893 1263 2114 1338 audax

396 1465 457 1522 ι,
484 1453 580 1524 ιο)
606 1471 721 1506 nam
744 1456 831 1526 qui
855 1463 1018 1525 mptat
1034 1455 1223 1517 nubes,
1247 1465 1411 1525 captat

395 1537 585 1591 inania.

468 1633 564 1676 ³³1
580 1663 591 1674 .
612 1619 849 1694 Effutioe
861 1623 1019 1686 leves,
1041 1636 1135 1678 etc.
1158 1641 1257 1677 non
1270 1623 1410 1678 decet

395 1709 675 1774 tragoedism
690 1726 817 1778 saepe
833 1719 885 1761 et
898 1709 1029 1776 larga
1047 1711 1185 1782 copia
1203 1709 1409 1762 effutire

394 1791 597 1844 levioris
609 1794 881 1860 argumenti
898 1811 1085 1856 versus,
1106 1795 1191 1846 sed
1210 1811 1267 1846 ea
1285 1810 1407 1863 patt-

394 1875 499 1926 lum
523 1876 809 1943 pudibunda
832 1894 941 1928 raro
964 1887 1152 1928 tautum
1178 1877 1312 1929 inter
1327 1895 1402 1930 sa-

394 1969 528 2028 tyros
542 1959 837 2025 versabitur,
857 1959 907 2009 h.
925 1976 971 2011 e.
992 1975 1128 2018 raro,
1146 1975 1200 2011 ac
1216 1969 1407 2014 retento

393 2043 543 2096 etiam
569 2043 734 2112 aliqu'o
758 2043 943 2112 pudore
966 2044 1125 2110 (quod
1146 2060 1293 2112 supra
1320 2045 1405 2095 in-

394 2125 594 2178 columi
616 2125 898 2196 gmvitme)
918 2165 934 2192 ,
973 2125 1202 2178 admittet
1236 2135 1407 2196 satyrae

389 2209 639 2263 lasciviam
652 2248 667 2276 ,
682 2210 828 2262 sicuti
843 2219 1066 2262 matrona
1085 2209 1223 2261 sestis
1235 2209 1407 2262 diebus

390 2304 611 2355 tantum,
644 2294 695 2343 h.
725 2311 772 2345 e.
798 2310 909 2346 raro
924 2292 1089 2346 saltat.
1116 2323 1184 2332 —
1203 2291 1406 2345 Suavis-

389 2379 513 2431 sima
525 2387 601 2430 est
616 2378 721 2429 hoec
737 2377 979 2444 tragoedioe
992 2394 1170 2430 severas
1185 2416 1199 2443 ,
1222 2379 1404 2446 passim

390 2471 579 2513 tantum
602 2472 775 2530 satyro
798 2463 1109 2530 protervitati
1128 2462 1287 2515 locum
1318 2481 1403 2515 re-

386 2542 665 2612 linquentis
679 2584 693 2606 ,
712 2561 820 2595 cum
842 2555 1061 2598 matrona
1074 2545 1249 2597 diebus
1266 2545 1404 2598 festis

391 2635 474 2677 tan
482 2636 583 2677 tum
604 2627 813 2678 saltante
830 2629 1123 2694 comparatio
1138 2627 1153 2679 l
1168 2625 1406 2696 ——Effw

390 2707 512 2769 tei-e,
542 2708 605 2759 de
633 2709 855 2761 versibus
888 2711 1328 2766 inconsiderantius
1351 2724 1404 2766 et

390 2791 601 2858 largiore
612 2793 751 2860 copia
765 2791 979 2862 profusis
994 2813 1009 2858 ;
1029 2792 1244 2864 indigna
1263 2793 1405 2862 effic-

389 2875 486 2926 tt’re
520 2875 634 2939 (οὐκ
659 2873 770 2936 ἄξια
796 2875 1033 2945 (maletus)
1051 2914 1066 2944 ‚
1097 2893 1248 2943 graece
1274 2895 1364 2948 pro
1387 2899 1398 2931 ι

392 2975 491 3010 non
512 2957 687 3024 digna,
720 2975 828 3028 quae
851 2959 1078 3019 effutiat,
1109 2959 1162 3011 h.
1190 2977 1235 3012 e.
1257 2977 1403 3030 quam

393 3057 491 3093 non
504 3040 859 3094 deceterfuttre
868 3061 885 3108 3
913 3043 1033 3112 quia
1047 3043 1138 3095 hoe
1152 3043 1283 3096 infra
1302 3046 1409 3112 ejus

388 3124 676 3191 dignitatem
694 3137 769 3178 est
788 3125 1018 3193 positum.
1038 3155 1108 3165 —
1128 3124 1287 3193 Quem
1308 3145 1407 3180 nou

388 3207 527 3261 decet
540 3209 727 3280 aliquid
746 3210 905 3263 facere
916 3249 931 3278 ‚
952 3211 1024 3262 vel
1042 3213 1129 3279 qui
1149 3229 1241 3264 nou
1257 3214 1407 3264 debet

389 3293 577 3362 aliquid
606 3296 767 3348 facere
781 3334 796 3364 ,
835 3295 877 3347 is
912 3293 1164 3365 fndc‘gnus
1176 3331 1193 3355 ‚
1230 3297 1333 3368 qui
1353 3295 1413 3348 id

370 3374 577 3444 ficiat,
594 3378 803 3441 dicitur-3
819 3397 957 3448 supr.
976 3377 1136 3448 Epist.
1162 3379 1206 3444 1,
1229 3389 1277 3448 8,
1303 3391 1398 3433 5³:

395 3475 424 3505 ι
448 3456 660 3527 ἰηιὶἰςηι·
695 3463 813 3526 (vos
853 3464 1091 3532 dedecet)
1135 3465 1401 3517 fraternum

390 3557 623 3611 rumpere
640 3543 811 3597 ioedus.
830 3567 857 3594 a»
880 3547 1152 3600 Terentius
1172 3549 1399 3603 Eunucb.

390 3625 464 3690 V,
504 3637 562 3687 ³,
601 3637 667 3680 20
694 3645 706 3678 z
747 3647 775 3676 α
794 3629 925 3684 Nam
955 3631 997 3684 si
1024 3649 1112 3701 ego
1139 3634 1286 3700 digna
1314 3635 1408 3686 hac

385 3710 682 3765 contumelia
706 3728 814 3764 sum
841 3717 1079 3780 maxime,
1104 3727 1157 3768 at
1178 3727 1231 3768 tu
1256 3715 1400 3768 inde·-

384 3813 557 3865 gnus,
590 3797 678 3866 qui
708 3795 917 3858 faceres,
948 3809 1127 3852 tamen.
1146 3827 1216 3840 —-
1232 3799 1395 3860 leves,

387 3879 636 3948 satyricos.
678 3909 744 3920 —-
778 3883 1002 3943 moveri,
1048 3883 1226 3936 saltare
1238 3903 1255 3949 ;
1292 3882 1394 3935 vid.

390 3961 535 4028 paulo
546 3975 661 4016 ante
675 3965 736 4017 ad
747 3983 798 4018 v.
821 3977 945 4020 Ωιι.
962 3995 1035 4008 —-·
1052 3968 1293 4022 lacerer-1²
1305 3967 1401 4019 Sa-

387 4046 543 4110 tyn's3
558 4065 664 4130 'non
679 4086 695 4114 ,
716 4059 775 4101 ut
796 4051 1068 4105 Lambinus
1082 4089 1097 4114 ‚
1115 4053 1268 4122 etqui
1288 4069 1400 4105 eum

387 4131 544 4180 secuti
566 4141 681 4183 suut
696 4170 711 4192 ‚
744 4133 875 4186 male
897 4135 1177 4202 explicant;
1201 4153 1227 4182 α
1243 4135 1401 4186 dirre-

1482 1462 1561 1505 ret
1595 1451 1846 1524 paululum
1878 1467 1908 1502 a
1939 1449 2160 1522 Satyri03
2187 1469 2214 1498 n
2242 1449 2327 1501 sed
2346 1485 2364 1518 ,
2399 1451 2497 1502 im·

1481 1538 1770 1592 miscebitur
1793 1536 1998 1606 Satyris.

1553 1631 1676 1672 23⁴.
1699 1621 1817 1694 Νοῃ
1834 1638 1945 1688 ego,
1972 1629 2066 1673 ete.
2096 1617 2208 1670 Jam
2231 1615 2491 1682 Horatius,

1478 1714 1734 1773 postquam
1754 1714 1964 1772 satyram
1987 1702 2039 1753 in
2061 1701 2289 1768 tragoedia
2301 1717 2496 1770 quoque

1478 1788 1636 1842 locum
1673 1790 1820 1841 certis
1858 1789 2039 1840 tinibus
2071 1787 2494 1856 circumscriptum

1476 1875 1664 1926 habere
1699 1873 1895 1934 docuit,
1935 1875 2042 1942 ipse
2079 1873 2211 1937 sibi,
2245 1883 2302 1924 ut
2343 1883 2496 1942 poetae

1477 1957 1686 2028 satyrico
1701 1995 1716 2020 ,
1737 1957 2068 2026 exsequendas
2081 1967 2246 2026 partes
2259 1957 2498 2026 proponit

1478 2051 1624 2112 atque
1655 2041 1935 2096 demandat.
1968 2070 2038 2080 -
2067 2042 2333 2098 inamata,
2375 2057 2496 2110 pro-

1477 2127 1616 2194 pria,
1660 2144 1760 2180 non
1797 2125 2098 2194 elegantiore
2141 2125 2496 2193 significatione

1478 2221 1734 2281 usurpata3
1753 2207 2179 2269 —domt‘nantt'a,
2199 2225 2349 2278 penes
2360 2227 2494 2280 quae,

1476 2294 1542 2346 ob
1588 2311 1894 2348 communem
1942 2310 2110 2351 eorum
2159 2294 2289 2360 apud
2327 2311 2500 2346 omnes

1477 2395 1618 2429 usum
1644 2418 1659 2440 ‚
1710 2388 1786 2429 est
1839 2395 2024 2446 rerum*
2047 2393 2168 2446 quas
2223 2376 2498 2442 significant

1473 2461 1616 2530 quasi
1633 2451 1904 2514 dominatio
1917 2480 1932 2526 ;
1947 2459 2183 2528 vulgaria.
2202 2489 2273 2498 —
2285 2457 2497 2525 Satyru-

1475 2560 1594 2596 rum
1623 2547 1856 2616 scriptor,
1891 2543 1937 2597 si
1986 2555 2170 2613 satyros
2207 2545 2492 2597 scriberem.
2529 2591 2534 2598 .

1474 2655 1546 2664 —
1565 2627 1743 2678 amabo
1761 2665 1777 2686 ‚
1819 2628 2120 2699 amplectar;
2154 2628 2330 2696 supple
2355 2649 2367 2679 z
2409 2627 2498 2680 sed

1474 2710 1626 2761 etiam
1645 2711 1896 2762 ornatiora
1922 2710 2276 2780 (elegantiora)
2316 2721 2368 2762 et
2392 2710 2496 2762 mi-

1477 2811 1571 2846 nus
1594 2793 1831 2860 vulgaria.
1853 2821 1924 2831 —-
1942 2793 2055 2843 Nec
2075 2793 2151 2842 sic
2173 2794 2372 2852 em'tar,
2398 2802 2495 2844 etc.

1476 2873 1586 2927 Nec
1601 2891 1688 2942 ego
1707 2893 1736 2927 a
1758 2875 2049 2926 sublimiore
2067 2874 2298 2944 loquendi
2321 2890 2500 2942 genere

1478 2959 1658 3026 tragico
1680 2960 1742 3011 ad
1768 2976 1876 3012 eam
1914 2957 1965 3008 in
1996 2956 2310 3008 sermonibus
2330 2995 2345 3019 ‚
2373 2975 2498 3027 quos

1478 3059 1716 3111 compono
1734 3081 1749 3105 ‚
1779 3043 2002 3111 satyricis
2027 3041 2258 3114 loquendi
2285 3042 2493 3094 humili-

1483 3137 1632 3180 tatem
1659 3129 1946 3180 descendam
1965 3166 1980 3196 ,
2013 3139 2069 3179 ut
2103 3128 2154 3178 in
2189 3126 2324 3180 nullo
2353 3127 2498 3196 plane

1476 3231 1654 3282 ponam
1684 3213 1973 3266 discrimine
1992 3250 2006 3273 ‚
2041 3223 2209 3264 utrum
2246 3211 2498 3265 inferioris

1474 3297 1776 3350 conditionis
1793 3313 1960 3348 servus
1977 3296 2054 3348 vel
2075 3294 2251 3350 ancilla
2264 3333 2276 3354 ,
2296 3311 2360 3345 an
2376 3293 2499 3350 Bac-

1472 3380 1556 3431 chi
1581 3393 1741 3434 custos
1768 3380 2078 3448 famulusque
2097 3417 2112 3444 ,
2145 3379 2345 3430 Silenus
2363 3416 2378 3441 ,
2417 3377 2497 3430 lo-

1474 3476 1673 3534 quatur.
1713 3495 1782 3504 —
1798 3467 1994 3535 tmgz'co
2020 3461 2240 3534 dffm
2263 3465 2492 3516 οοὶοή...

1475 3551 1620 3602 color·
1641 3551 1904 3620 tragicus,
1939 3550 2128 3604 indoles
2148 3549 2380 3629 luguendi
2405 3565 2498 3616 ge-

1480 3631 1633 3692 neris,
1657 3650 1756 3702 quo
1771 3643 1979 3684 utuntur
1993 3644 2146 3702 poetas
2161 3633 2333 3700 tragici
2350 3671 2364 3700 ‚
2383 3650 2498 3685 ora-

1472 3715 1545 3767 tio
1569 3715 1757 3769 scilicet
1775 3717 2068 3784 sublimatos-3
2089 3717 2314 3792 dffssrm
2334 3717 2506 3770 alicui

1472 3801 1576 3859 rei,
1599 3816 1687 3869 pro
1699 3799 1882 3866 vulgari
1898 3817 1910 3849 :
1926 3802 1990 3851 ab
2007 3801 2173 3870 aliqua
2189 3817 2272 3868 re,
2291 3811 2348 3854 ut
2360 3818 2496 3870 supr.

1472 3883 1574 3934 Sat.
1597 3883 1649 3946 l,
1676 3893 1739 3945 ι,
1765 3893 1849 3932 ss.
1869 3881 2032 3952 Epist.
2056 3883 2114 3950 1,
2139 3895 2232 3948 ts,
2253 3895 2316 3936 ιι
2346 3904 2372 3932 «ι
2395 3885 2494 3936 nisi

1469 3966 1600 4036 quod
1622 3967 1746 4036 pede
1763 3978 1899 4019 certo
1915 3966 2104 4020 Differt
2125 3969 2356 4021 sermoni.
2383 3990 2496 4018 »—

1472 4053 1724 4105 Davusne
1742 4051 2018 4124 quuatur,
2044 4070 2212 4106 servus
2231 4053 2496 4108 Terentia-

1476 4152 1568 4189 nus
1584 4175 1599 4202 ,
1619 4138 1684 4190 cf.
1709 4154 1844 4206 supr.
1867 4137 1928 4190 ad
1949 4151 1994 4190 v.
2033 4149 2147 4190 tu.
2166 4167 2236 4178 -
2251 4137 2487 4206 Pythias,
