3000 4684
499 372 638 445 218

1043 370 1132 457 Q.
1184 368 1603 438 HORATII
1653 370 2005 437 FLACCI
2110 360 2117 370 ’

486 512 836 583 Proximus
863 507 1166 598 accedat,
1197 508 1312 601 qui
1341 532 1520 577 nunc
1550 506 1908 579 denormat
1934 506 2255 603 agellum!

489 633 556 700 Ο
582 632 637 700 si
661 652 899 699 urnam
930 628 1192 722 argenti
1221 625 1362 695 fors
1390 650 1536 719 quae
1564 625 1735 695 mihi
1763 640 2123 715 monstret,
2152 642 2227 695 ut
2254 624 2351 695 illi

2507 648 2581 684 10

485 747 825 817 Thesauro
851 746 1126 815 invento
1152 742 1270 837 qui
1293 742 1743 812 mercenarius
1769 764 2037 837 agrum,

489 866 688 937 lllum
713 868 934 961 ipsum
961 876 1327 950 mercatuS,
1355 862 1602 951 aravit,
1634 860 1817 930 dives
1846 862 2062 930 amico

487 982 808 1073 Hercule3
825 1012 862 1048 ιι
883 979 1144 1076 siquod
1166 979 1382 1069 adest,
1411 994 1675 1075 gratum
1697 979 1918 1073 juvat,
1940 980 2065 1050 hac
2088 1004 2284 1075 prece
2306 998 2373 1051 te
2394 1005 2553 1071 oro,

489 1103 746 1199 Pingue
772 1122 974 1197 pecus
1002 1099 1278 1169 domino
1305 1098 1537 1187 facias,
1567 1112 1633 1168 et
1661 1114 1914 1209 cetera,
1944 1116 2183 1194 praeter

489 1218 874 1313 Ingenium,
901 1232 1106 1309 utque
1133 1212 1305 1282 soles
1333 1231 1552 1283 custos
1581 1216 1751 1283 mihi
1776 1218 2105 1285 maximus
2130 1216 2327 1286 adsiS.

2507 1216 2576 1272 15

586 1339 768 1431 Ergo
791 1335 908 1404 ubi
932 1334 1132 1402 mein
1158 1344 1418 1400 montes
1443 1345 1515 1399 et
1536 1330 1608 1399 in
1634 1352 1858 1399 arcem
1886 1353 1969 1400 ex
1992 1332 2160 1400 urbe
2186 1335 2473 1421 removi,

495 1551 620 1587 unus
636 1534 810 1585 horum
827 1530 1105 1593 lto-inum,
1121 1528 1274 1583 stulte
1296 1528 1368 1581 ita
1385 1544 1503 1597 pre-

492 1618 740 1671 nntium:
779 1636 806 1665 s
829 1614 877 1669 Ο
914 1615 957 1668 si
991 1615 1194 1681 angulus
1229 1613 1314 1665 ille
1350 1614 1500 1667 vicini

495 1703 597 1770 agri
629 1703 690 1755 ad
725 1714 888 1754 meum
929 1695 1154 1764 accedat,
1189 1714 1336 1767 quem
1373 1714 1505 1749 nunc

495 1788 698 1855 angulus
731 1786 820 1839 ille
852 1796 1020 1839 eontra
1055 1797 1275 1837 normam
1303 1780 1505 1851 equuus

494 1872 813 1941 longitudinis
832 1868 1111 1924 deformat!
1135 1867 1185 1921 0
1205 1869 1248 1922 si
1269 1884 1367 1937 qua
1399 1884 1505 1919 sors

497 1973 673 2008 urnam
693 1956 883 2023 argenti
902 1954 1027 2007 mihi
1055 1962 1294 2005 monstret
1309 1988 1322 2011 ,
1351 1961 1408 2003 ut
1431 1950 1506 2001 illi

498 2038 798 2090 mercenario
813 2075 828 2099 ,
860 2036 949 2105 qui
992 2037 1222 2086 thesauro
1238 2073 1254 2097 ‚
1291 2032 1508 2085 Hercule

499 2122 694 2173 favente
707 2158 724 2186 ,
761 2120 964 2173 invento
1001 2118 1142 2169 dives
1176 2118 1330 2169 factus
1364 2117 1507 2171 illum

499 2204 657 2273 ipsum
676 2218 866 2268 agrum,
882 2218 1030 2271 quem
1052 2200 1384 2253 mercenarius
1404 2218 1512 2251 ara-

501 2290 587 2349 vit,
605 2294 845 2337 mercatus
858 2294 955 2348 est,
975 2305 1002 2332 a»
1021 2285 1063 2335 si
1082 2294 1218 2350 grato
1237 2284 1403 2337 auimo
1425 2286 1509 2349 iis,

499 2388 606 2441 quae
625 2366 852 2439 possideo
865 2406 880 2430 ,
909 2378 1166 2421 contentus
1187 2370 1325 2429 vivo;
1348 2384 1436 2420 oro
1458 2378 1510 2421 te

501 2454 593 2505 hac
609 2468 768 2521 piene,
788 2461 846 2503 ut
865 2452 990 2503 mihi
1016 2450 1217 2503 domino
1233 2466 1380 2519 pecus
1397 2450 1511 2521 qui-

498 2536 612 2589 dem
632 2536 814 2606 pingue
835 2534 1007 2603 facias,
1035 2544 1088 2586 et
1107 2545 1270 2593 cetera
1286 2572 1301 2600 ‚
1321 2550 1430 2604 quae
1456 2534 1509 2587 in

501 2622 631 2689 agris
670 2621 986 2688 pinguescere
1023 2618 1238 2687 debent,
1281 2620 1368 2672 sed
1410 2637 1513 2673 non

504 2718 670 2755 meum
702 2703 951 2770 ingenium
969 2741 985 2767 ,
1019 2702 1149 2775 quod
1171 2705 1371 2773 pingue
1402 2718 1513 2755 esse

505 2786 647 2853 ποῖος
677 2795 734 2838 et
753 2795 808 2838 nt
832 2788 1073 2839 maximus
1092 2786 1216 2839 mihi
1235 2825 1250 2853 ,
1272 2796 1328 2840 ut
1347 2786 1472 2839 soles
1495 2825 1510 2853 ,

503 2870 722 2925 Mercuri
728 2882 918 2939 ‚custos
938 2872 1163 2925 adsiS.-
1175 2888 1405 2931 venetur,
1425 2885 1509 2922 ve—

505 2954 750 3007 nerandus
763 2964 908 3023 peto·;
924 2954 1247 3017 LiviusVIIL
1267 2966 1315 3008 9:
1336 2954 1511 3016 dane,

505 3032 730 3104 Jupiter,
767 3046 861 3087 etc.
905 3048 990 3089 vos
1030 3055 1232 3105 precor,
1267 3052 1507 3105 veneror,

503 3120 695 3172 veniam
717 3128 832 3188 peto
851 3119 1055 3189 seroque
1073 3157 1087 3182 ,
1111 3122 1183 3171 uti
1207 3120 1384 3187 populo
1403 3118 1510 3171 Ro-

507 3200 652 3254 mano
681 3202 996 3270 prosperetis.
1025 3222 1052 3249 ι»
1089 3198 1173 3253 Cf.
1215 3200 1409 3253 Brison.
1447 3202 1511 3253 de

503 3282 724 3339 Formnl.
749 3284 798 3351 1,
826 3300 877 3352 p.
905 3294 991 3335 π.

581 3376 668 3418 ¹0.
710 3366 758 3417 Ο
787 3362 966 3434 sifim
997 3380 1155 3432 quoe,
1184 3382 1304 3432 pm:
1341 3366 1515 3434 siqua

511 3452 639 3517 forsg
676 3448 900 3518 exempla
927 3448 1030 3521 vid,
1066 3447 1197 3515 apud
1231 3446 1419 3500 Heind.
1441 3476 1514 3487 -—

509 3548 568 3587 ut
596 3534 705 3596 illi,
733 3542 832 3585 etc.
870 3530 1097 3583 phrasim
1140 3528 1406 3599 elliptieam
1445 3532 1516 3583 sic

509 3620 768 3673 restituas:
789 3626 848 3669 nt
865 3614 969 3668 fors
987 3616 1276 3667 monstravit
1292 3616 1410 3667 huic
1425 3616 1515 3669 ho-

510 3704 662 3765 mini,
684 3702 772 3771 qni
807 3710 950 3754 antea
983 3699 1314 3752 mercenarius
1331 3736 1346 3766 ,
1374 3698 1512 3751 ilium

509 3802 677 3851 agrum
699 3796 941 3837 mercatus
964 3780 1112 3854 quem
1148 3798 1238 3853 pm
1269 3784 1368 3837 alio
1401 3788 1535 3836 ara-'

512 3877 666 3933 verat,
681 3886 770 3935 pro
785 3884 840 3919 se
859 3868 968 3937 ipso
980 3870 1153 3921 aravit.
1173 3870 1347 3919 En.—
1357 3869 1519 3920 amico

515 3949 771 4007 Hercule,
796 3950 912 4000 dum
941 3951 991 4003 ei
1027 3951 1219 4002 favebat
1245 3952 1483 4003 Hercules
1503 3990 1517 4016 ,

513 4030 794 4089 divitiarum
811 4032 966 4093 dator,
987 4030 1334 4101 πλουτοδοττὶρ,
1353 4032 1515 4086 Schol.

1574 1527 1691 1581 Aer.
1716 1547 1747 1576 a
1770 1527 1957 1583 ...Ideo
1972 1564 1989 1595 ,
2010 1529 2129 1599 qnia
2152 1527 2441 1600 (Hemnles)
2464 1531 2581 1583 the-

1574 1613 1730 1665 sauris
1756 1624 1933 1681 praeest
1948 1653 1964 1678 ,
1992 1625 2044 1667 et
2067 1626 2211 1677 sunt,
2242 1617 2329 1693 qui
2356 1616 2582 1669 eumdem

1575 1696 1865 1749 incubonem
1886 1694 1991 1766 (qui
2006 1698 2256 1765 thesauro,
2271 1718 2418 1770 quem
2431 1710 2585 1753 custo-

1572 1780 1649 1832 dit
1668 1820 1685 1842 ‚
1720 1782 1955 1853 incubat)
1986 1800 2095 1835 esse
2118 1786 2305 1849 velint,
2332 1788 2465 1838 unde
2488 1804 2583 1854 pu-

1578 1876 1685 1919 tant
1700 1904 1715 1929 ,
1730 1868 1865 1935 qnod
1885 1878 1940 1920 et
1962 1884 2043 1921 res
2070 1870 2249 1921 rustica
2274 1871 2327 1923 in
2348 1872 2501 1925 tutela
2520 1873 2591 1923 sit

1577 1950 1684 2017 ejus
1706 1971 1732 1999 ι»
1757 1951 1895 2019 (rem
1924 1952 2151 2005 rusticam
2173 1972 2371 2023 quoq-ue
2400 1957 2449 2007 in
2480 1958 2589 2023 ejus

1576 2034 1731 2087 tutela
1750 2034 1898 2105 esse).
1920 2036 1981 2088 In
2004 2036 2149 2089 Satir.
2168 2038 2243 2100 Π,
2258 2053 2329 2090 vs.
2350 2052 2435 2100 ιο,
2456 2040 2585 2091 Per·

1578 2120 1714 2173 sius:
1750 2140 1779 2167 α
1804 2119 1917 2173 ...Ο
1942 2121 1985 2171 si
2004 2120 2106 2171 Sub
2130 2130 2289 2173 metm
2304 2132 2473 2189 crepet
2492 2140 2583 2175 ar-

1578 2203 1713 2270 genti
1732 2203 1856 2254 mihi
1874 2203 2019 2263 seria,
2042 2202 2215 2253 dextro
2231 2202 2459 2256 Hercule.
2480 2224 2585 2253 »—

1581 2288 1631 2339 si
1656 2285 1799 2359 quod
1814 2282 1982 2349 adest,
2006 2298 2210 2355 gratum
2230 2288 2421 2357 juvat,
2455 2288 2498 2339 si
2526 2304 2591 2339 eo

1579 2368 1711 2438 qnod
1732 2368 1890 2420 habeo
1906 2406 1922 2435 ,
1948 2383 2052 2419 sum
2078 2372 2353 2421 contentus.
2386 2370 2488 2435 Ep.
2520 2400 2593 2411 ·--

1579 2466 1785 2523 grutam
1803 2493 1817 2516 ,
1840 2468 1951 2521 me,
1974 2454 2097 2521 grati
2121 2438 2273 2507 aniuii
2299 2456 2556 2508 hominem
2577 2497 2593 2523 ‚

1583 2537 1835 2605 eleganter
1850 2556 1937 2609 pro
1951 2538 2184 2608 simplici:
2199 2540 2594 2607 me.—-d0m1‘no,

1582 2620 1727 2671 mihi.
1745 2650 1817 2660 -
1828 2635 2022 2690 pra-ter
2045 2623 2311 2695 ingenium
2332 2664 2347 2687 ,
2384 2624 2513 2677 ludit
2544 2626 2595 2679 in

1582 2722 1696 2757 voce
1703 2707 1925 2775 pingue,
1952 2708 2167 2775 primum
2194 2710 2391 2779 proprie
2410 2710 2471 2763 de
2485 2727 2593 2761 cor-

1582 2805 1700 2856 pore
1717 2826 1732 2849 ‚
1773 2788 1956 2840 deinde
2000 2782 2092 2858 pe'r
2132 2792 2497 2845 translationem
2532 2793 2593 2843 de

1585 2872 1793 2941 ingenio
1816 2872 1973 2940 posita
1992 2892 2007 2939 3
2036 2874 2289 2939 ingenium
2308 2876 2506 2944 pingue
2522 2885 2597 2926 est

1584 2951 1805 3017 tardum,
1826 2954 1980 3007 hebes
2000 2964 2051 3007 et
2075 2958 2297 3025 ineptum
2314 2995 2329 3019 ,
2348 2959 2465 3026 quia
2486 2975 2596 3010 cor-

1580 3054 1671 3104 pus
1703 3052 1901 3113 quoque
1928 3038 2130 3107 pingue
2159 3040 2347 3090 tardum
2376 3050 2427 3089 et
2450 3040 2599 3093 rebus

1580 3120 1780 3185 agendis
1822 3121 2045 3189 ineptum
2087 3128 2180 3173 eSt.
2218 3120 2457 3175 Similiter
2494 3122 2597 3173 sere

1581 3201 1724 3253 homo
1758 3202 1923 3255 obesoe
1962 3204 2125 3254 nar-125.
2147 3233 2217 3243 --
2246 3212 2403 3275 utque
2436 3202 2593 3262 soles,

1583 3280 1828 3336 Mercurii
1881 3283 1932 3335 in
1975 3302 2029 3336 se
2063 3286 2301 3340 beneficia
2325 3285 2427 3353 jam
2462 3301 2601 3337 com-

1585 3369 1875 3419 memoravit
1905 3364 2003 3417 od.
2047 3366 2103 3418 11
2122 3406 2141 3433 ,
2184 3378 2212 3418 7
2230 3407 2244 3433 ,
2286 3376 2338 3423 et
2378 3364 2605 3438 pini-ibus

1584 3450 1697 3503 aliis
1717 3451 1853 3502 locis.
1883 3450 1976 3502 En.

1656 3536 1745 3586 is.
1785 3534 1930 3604 Ergo
1968 3532 2088 3595 ubi,
2119 3546 2212 3590 etc.
2239 3534 2425 3602 Quodsi
2455 3520 2603 3603 igitur

1587 3626 1807 3670 votorum
1830 3634 2049 3671 meorum
2068 3637 2262 3689 compos
2280 3628 2333 3671 et
2351 3630 2479 3673 sorte
2496 3636 2602 3669 mea

1586 3710 1863 3765 contentus,
1886 3712 2116 3754 εἴα-ει
2130 3702 2187 3753 ἰιι
2202 3720 2389 3763 amem,
2408 3720 2495 3771 per
2510 3719 2625 3765 w,

1588 3804 1694 3836 cem
1715 3785 1989 3852 designavit
2007 3784 2244 3839 Horatius
2264 3788 2429 3839 villam
2448 3804 2605 3855 suam,

1591 3880 1817 3936 tauquam
1846 3872 2011 3921 Iocum
2032 3870 2305 3941 perficgt'a‘,
2342 3874 2427 3923 ubi
2466 3884 2607 3939 poeta

1590 3968 1619 4002 a
1638 3952 1749 4001 vitae
1770 3952 1970 4005 urbanae
1996 3953 2254 4017 molestiis,
2282 3956 2416 4007 curis
2442 3966 2491 4005 et
2508 3974 2607 4005 ne-

1594 4036 1735 4099 gotiis
1764 4046 1977 4091 remotus
2007 4038 2060 4089 in
2091 4047 2197 4089 tuto
2228 4038 2438 4089 vivebat.
2461 4068 2529 4077 --
2552 4040 2609 4093 in
