3000 4684
478 435 571 506 92

1035 408 1121 496 Q.
1176 380 1598 476 no'RA‘ru
1651 407 2008 476 FLACCI

481 549 689 621 Julius
718 565 787 619 et
814 547 1067 644 fragilis
1091 544 1481 634 Pediatia,
1513 545 1750 638 furque
1775 547 2110 617 Vorenus.

394 725 399 734 .
478 666 753 764 Singula
779 666 941 761 quid
967 665 1383 748 memorem?
1410 689 1542 758 quo
1573 679 1770 758 pacto
1800 662 2055 734 alterna
2081 660 2434 757 loquentes
2503 667 2579 728 [ιο

480 789 753 856 Umbrae
782 811 933 857 cum
958 783 1221 882 Sagana
1253 800 1645 855 resonarent
1673 785 1862 854 triste
1893 799 1961 854 et
1991 782 2304 853 acutum?

481 907 705 1000 thue
733 905 874 999 lupi
898 907 1179 976 barbam
1211 905 1409 974 variae
1438 928 1592 974 cum
1624 902 1826 972 dente
1853 901 2143 973 colubrae

370 1039 382 1048 “
481 1023 891 1094 Abdiderint
916 1025 1149 1096 furtim
1176 1025 1413 1112 terris-²3
1447 1039 1516 1094 et
1543 1023 1838 1117 imagine
1866 1045 2060 1092 cerea

483 1143 771 1237 Largior
796 1146 1037 1214 arserit
1060 1145 1271 1240 ignis3
1301 1159 1369 1212 et
1398 1159 1500 1232 ut,
1533 1167 1667 1211 non
1702 1141 1886 1211 testis
1913 1136 2193 1226 inultm,

482 1263 881 1334 Horruerim·
906 1287 1099 1334 voces
1126 1263 1475 1332 Furiarum
1506 1276 1574 1331 et
1603 1259 1776 1331 facta
1806 1257 2138 1329 duarum?

484 1381 695 1471 Nam,
725 1379 1011 1476 displosa
1038 1398 1232 1452 sonat
1262 1396 1584 1475 quantum
1612 1379 1860 1473 vesica,
1888 1372 2168 1472 pepedi,

486 1499 757 1570 Diffissa
786 1517 977 1589 nate,
1005 1501 1201 1572 ficus:
1232 1516 1302 1571 at
1330 1499 1458 1574 illae
1482 1524 1755 1570 currere
1783 1500 1852 1567 in
1879 1495 2152 1582 urbem;

488 1616 785 1688 Canidiae
814 1619 1073 1706 dentes,
1108 1618 1315 1690 altum
1346 1622 1621 1716 Saganae
1649 1615 2062 1688 caliendrum

488 1840 660 1907 fuisse,
680 1843 963 1911 turpissimo
979 1844 1207 1898 libidinis
1225 1847 1394 1913 generi
1410 1846 1497 1900 de-
1567 1815 1734 1896 etilem
1751 1842 1984 1908 magicam
1998 1845 2291 1907 spec-tames,
2307 1833 2482 1886 furtim
2493 1831 2590 1882 sub

484 1926 645 1978 ditum
664 1963 677 1990 ‚
695 1927 825 1979 unde
846 1945 941 1980 non
960 1929 1215 1982 Pediatius
1232 1968 1246 1992 ,
1273 1929 1355 1983 sed
1384 1949 1498 1982 mu—

487 2021 591 2062 tato
604 2027 783 2077 genere
792 2011 1020 2064 Pediatia
1038 2010 1502 2080 rouretum—fiu—

484 2094 613 2162 gitis
639 2104 803 2146 autem
823 2103 899 2145 est
912 2096 1137 2147 obseoena
1158 2112 1252 2147 vox
1269 2133 1283 2161 ‚
1301 2111 1332 2146 a
1350 2095 1504 2148 verbo

1569 1937 1702 1979 terra
1721 1923 2069 1978 occultaverint
2083 1959 2097 1982 ‚
2117 1935 2341 1989 quaerere
2373 1916 2591 1985 profecto

1572 2009 1700 2063 nihil
1717 2010 1914 2062 attinet.
1929 2036 2001 2046 -
2016 2006 2204 2067 vanis,
2231 2001 2499 2055 maculosae.
2517 2029 2589 2038 -

1569 2112 1750 2154 cerea,
1790 2094 1980 2148 duabus
2018 2089 2218 2159 syllabis
2263 2085 2587 2156 pronuntian-

482 2173 699 2246 fmngi,
724 2176 854 2244 quod
878 2186 1019 2228 sonat
1038 2177 1261 2229 obseoene
1282 2195 1372 2244 pro
1388 2179 1510 2246 pati*
1567 2178 1709 2250 dum,
1729 2187 1785 2228 ut
1799 2187 1962 2227 ostrea
1983 2174 2103 2225 infr.
2127 2171 2230 2224 Sat.
2257 2169 2327 2232 11,
2349 2187 2400 2234 2,
2421 2177 2484 2219 2¹
2499 2194 2595 2218 .---

488 2257 780 2312 muliebria.
816 2259 912 2310 En.
936 2289 1007 2298 -
1029 2261 1289 2310 Ver-anm.
1331 2259 1493 2311 Schol.

489 2341 646 2411 Cruq.
672 2361 700 2390 ιι
719 2340 908 2408 Aiunt,
935 2341 1193 2394 Vol-anum
1214 2377 1227 2403 ,
1264 2341 1499 2394 libertum

489 2423 556 2491 Q.
579 2426 768 2477 Lutatii
792 2425 992 2490 Catuli,
1028 2425 1180 2476 fuisse
1209 2424 1331 2476 adeo
1362 2424 1503 2477 fura·-

488 2521 615 2576 (και,
636 2519 693 2562 ut
708 2527 933 2564 nummos
948 2510 1203 2578 subreptos
1220 2526 1248 2562 a
1268 2527 1503 2562 nummu-

490 2592 615 2646 lario
634 2593 686 2644 in
704 2593 886 2646 calcem
904 2593 1179 2655 demiserit,
1194 2609 1221 2644 a
1233 2609 1331 2662 quo
1343 2611 1495 2662 quum

484 2675 823 2742 deprehensus
838 2687 983 2743 esset,
998 2677 1199 2747 quidam
1216 2676 1495 2744 subridens,

490 2759 655 2826 belle,
686 2761 853 2829 inquit
869 2799 886 2825 ,
918 2762 964 2813 si
992 2769 1041 2812 te
1062 2777 1161 2813 non
1187 2759 1460 2826 ἐκχσὶοιεὺει
1476 2799 1490 2821 ,

409 2866 419 2875 ·
492 2845 547 2894 h.
568 2862 617 2896 e.
638 2845 925 2898 verberibus
947 2854 1179 2913 tanquam
1196 2861 1261 2896 ωε
1278 2841 1514 2906 ωωᾱειῐ,’

492 2924 716 2979 alludens
732 2928 795 2979 ad
810 2927 1009 2980 ealoeos.
1036 2948 1063 2976 n

566 3021 653 3062 4ο.
676 3009 793 3076 Quo
802 3025 974 3080 pacto,
1001 3013 1112 3062 sub.
1138 3011 1503 3062 memor-enine?

494 3093 590 3146 En.
604 3121 674 3132 —
687 3095 889 3145 alterna
909 3093 1204 3164 hquenoe55
1232 3094 1502 3158 interroga-

409 3211 421 3230 .
493 3179 613 3230 bant
646 3175 832 3230 scilicet
865 3178 1078 3244 Sagana,
1116 3187 1169 3229 et
1202 3179 1381 3229 animo
1416 3195 1503 3230 re-

491 3261 813 3328 spondebant.
848 3261 944 3312 En.
967 3288 1037 3298 --
1062 3257 1269 3314 Umbroe
1288 3297 1301 3318 ,
1340 3277 1506 3313 manes

491 3346 792 3398 carminibus
808 3343 947 3398 acciti
958 3371 1044 3394 .—
1055 3355 1355 3396 resonarent
1366 3345 1507 3398 ιη’-πθ

495 3445 544 3483 et
560 3444 793 3493 acutum,
810 3445 947 3482 voces
966 3429 1132 3481 tristes
1150 3439 1202 3481 et
1216 3437 1381 3481 acutas
1398 3429 1508 3482 ede-

494 3525 636 3580 rent3
672 3515 735 3566 iis
764 3515 899 3566 enim
932 3511 1067 3564 sonis
1098 3511 1231 3581 loqui
1254 3513 1508 3578 finguntur

494 3599 683 3650 umbre
708 3597 1039 3670 (τιτριγυῖαι);
1062 3614 1169 3648 vox
1190 3609 1347 3648 acuta
1360 3631 1377 3654 ‚
1398 3596 1504 3647 cla·

492 3683 705 3735 tissima.
742 3689 837 3736 Pro
865 3695 1192 3743 resonarent,
1212 3681 1350 3734 dedit
1370 3681 1504 3732 Ben-

494 3765 671 3832 tleius,
692 3770 1007 3827 resonarint,
1041 3765 1125 3820 sed
1154 3776 1323 3819 eontra
1356 3764 1499 3816 fidem

490 3851 713 3902 omnium
743 3853 881 3926 eodd.
919 3854 1030 3906 vide
1054 3853 1225 3903 Feam.
1242 3879 1310 3890 —-
1335 3849 1504 3920 thue

492 3933 609 4001 lupi
626 3929 830 3982 banhem
845 3970 865 3994 ,
892 3946 983 3987 etc.
1016 3936 1085 3987 De
1118 3951 1289 3995 causa,
1320 3951 1381 3988 ex
1407 3951 1506 4003 qua

489 4017 714 4069 veneficae
732 4018 933 4071 barbam
956 4020 1059 4088 lupi
1094 4032 1145 4072 et
1168 4022 1363 4074 dentem
1386 4038 1498 4072 ver-

494 4101 713 4164 sioolo'ris
730 4103 939 4157 colubra!
955 4143 969 4168 ‚
986 4115 1043 4157 ut
1067 4123 1144 4158 res
1162 4106 1223 4157 sd
1252 4105 1502 4174 suppelle-

1573 2261 1790 2330 Latgior·
1819 2259 2005 2311 orsen‘t
2043 2259 2214 2329 ignis,
2253 2263 2426 2323 sponte
2460 2267 2546 2303 sus
2567 2288 2586 2314 ,

1573 2355 1630 2398 ut
1649 2345 1861 2411 videtur,
1881 2343 2007 2396 arsit
2034 2345 2191 2409 imago
2208 2355 2364 2394 cerea.
2393 2335 2491 2387 En.
2517 2365 2590 2375 —

1574 2428 1878 2478 Hor-ruen'm
1893 2462 1910 2487 ‚
1945 2428 2230 2480 horrescens
2260 2421 2468 2474 viderim
2489 2457 2505 2488 ,
2540 2429 2594 2472 et

1571 2511 1762 2564 diutius
1783 2510 1992 2563 tolerare
2011 2527 2108 2561 non
2127 2505 2392 2578 potuerim.
2415 2503 2590 2555 En.-
2607 2549 2636 2564 ,

1575 2594 1874 2656 fierint-um,
1897 2594 2120 2647 Canidiae
2143 2603 2195 2644 et
2213 2591 2437 2658 Saganae.

1645 2667 1732 2732 δὲ.
1774 2679 1910 2730 Nam
1923 2714 1944 2738 ,
1981 2688 2077 2729 etc.
2117 2674 2230 2727 Iam
2269 2673 2440 2726 credas
2472 2672 2594 2722 duas

1573 2762 1682 2816 ilias
1703 2763 1860 2815 furias
1879 2801 1893 2825 ‚
1931 2779 1960 2815 a
1995 2761 2098 2814 Deo
2126 2762 2256 2812 irato
2285 2755 2590 2825 gravissimis

1574 2846 1826 2915 suppliciis
1846 2845 2126 2898 afficiendas
2147 2853 2231 2895 aut
2253 2843 2418 2894 subita
2439 2848 2593 2892 morte

1573 2928 1918 2999 opprimendas
1937 2938 2074 2994 es303
2094 2937 2146 2978 at
2166 2944 2262 2979 non
2279 2943 2339 2978 eo
2352 2924 2487 2976 venit
2499 2921 2590 2973 Dei

1578 3014 1828 3068 nosti-iim
1846 3052 1861 3079 ,
1885 3023 1934 3065 et
1963 3013 2137 3064 melius
2165 3013 2329 3078 {lgneo
2347 3011 2452 3062 Deo
2471 3009 2598 3060 ultio

1576 3099 1991 3152 adcommodatur.
2016 3097 2110 3148 En.
2131 3094 2429 3165 -dtisplosa
2449 3107 2596 3144 sonat

1575 3195 1826 3255 quantum
1857 3184 2063 3240 vesica,
2098 3191 2286 3232 tantum
2319 3167 2556 3246 crepitum
2574 3214 2592 3238 ,

1574 3277 1812 3336 quantum
1844 3266 1950 3318 edit
1977 3265 2134 3316 vesica
2169 3262 2415 3331 displosa,
2453 3267 2596 3312 nates

1576 3352 1822 3421 aperiens,
1853 3349 2010 3402 edidi.
2030 3349 2129 3401 En.
2152 3346 2398 3418 —ficus,
2421 3361 2510 3410 ego
2533 3359 2596 3396 ex

1577 3448 1752 3489 trunco
1777 3434 1984 3488 ficulneo
2009 3472 2022 3500 ‚
2045 3433 2179 3498 ligno
2201 3430 2464 3484 admodum
2491 3428 2596 3480 fra-

1575 3519 1682 3586 gili,
1699 3515 2148 3574 sactum—dentes,
2167 3524 2359 3582 emptos
2377 3523 2432 3566 et
2447 3529 2600 3582 appo·

1574 3603 1715 3664 sitos,
1733 3601 1917 3670 quibus
1939 3600 2118 3652 vetulae
2135 3599 2210 3649 uti
2234 3599 2414 3664 solent,
2437 3606 2496 3648 ut
2515 3612 2598 3646 re-

1577 3692 1753 3752 parent
1783 3684 2006 3736 amissos.
2035 3682 2132 3734 En.
2151 3712 2218 3720 --
2235 3679 2558 3732 caliendrum
2579 3715 2596 3738 ,

1579 3768 1674 3819 fuit
1693 3805 1707 3828 ‚
1755 3777 1808 3818 ut
1859 3765 2080 3826 videtur,
2129 3781 2265 3816 coma
2311 3763 2558 3815 adscititia
2583 3782 2598 3826 3

1575 3849 1732 3900 almm
1765 3860 1925 3902 nutem
1959 3841 2177 3909 vocatur,
2209 3849 2327 3916 quia
2361 3847 2594 3898 Romanae

1578 3935 1808 3985 mulieres
1823 3951 1985 3986 comas
2004 3933 2226 3985 solebant
2243 3943 2351 3999 post
2365 3932 2596 3982 verticem

1577 4019 1776 4086 rejicere
1813 4029 1866 4070 et
1897 4019 1950 4070 in
1983 4018 2180 4070 modum
2221 4013 2471 4068 turriculae
2492 4053 2506 4080 ,
2546 4014 2598 4064 in

1577 4119 1774 4157 acumen
1793 4102 2084 4164 desinentis,
2097 4115 2406 4169 componere.
2421 4095 2600 4150 En.—
