3000 4684
839 316 850 327 ’
934 294 1314 426 εἈΤΙΒιΕ
1363 351 1836 421 ROMANAE
2282 350 2437 445 xxiij

341 496 508 569 dior
541 516 762 591 quam
799 489 1146 563 fidentior
1171 490 1414 585 cogito
1429 544 1450 579 ,
1479 487 1691 586 quale
1724 487 1819 561 de
1849 486 2197 586 operibus
2225 491 2428 577 meiS,

339 614 403 685 si
445 612 650 683 bono
689 609 1002 683 suosato
1034 632 1122 679 eo
1157 608 1567 704 pertingere
1596 607 1915 704 possint,
1946 605 2309 704 judicium
2334 603 2438 677 la·

342 746 508 803 tura
533 730 646 802 sit.
675 732 836 800 Non
856 725 1024 797 ideo
1049 739 1298 795 tamen
1322 722 1629 794 minoris
1654 724 1927 795 aestimo
1948 722 2205 795 doctos
2224 723 2439 811 viros,

343 849 473 944 qui
508 844 730 917 hodie
773 843 1068 930 vivunt3
1117 838 1328 910 multi
1369 854 1577 928 sunt,
1615 839 1871 930 fateor,
1917 822 2045 935 iqui
2095 837 2439 911 saeculum

345 978 682 1037 nostrum
720 973 1115 1048 exornant,
1158 956 1288 1053 qui
1329 955 1572 1053 priora
1611 958 2024 1053 potuissent
2053 981 2439 1045 exornare3

347 1080 426 1151 in
468 1077 737 1176 quibus
783 1092 1023 1147 tamen
1076 1098 1172 1146 ne
1223 1094 1458 1145 unum
1509 1072 1813 1169 quidem
1858 1074 2070 1165 novi,
2112 1075 2240 1171 qui
2286 1094 2439 1144 non

349 1195 665 1268 honoret
693 1208 770 1265 et
803 1190 994 1263 colat
1028 1189 1408 1286 antiquos,
1453 1188 1575 1259 cui
1620 1212 1777 1260 non
1821 1188 2019 1261 idem
2062 1188 2261 1286 quod
2303 1188 2443 1260 illis

353 1312 611 1409 sapiat,
649 1323 778 1381 aut
813 1307 940 1404 qui
978 1329 1236 1377 eorum
1271 1318 1632 1403 praecepta
1666 1329 1817 1376 non
1848 1304 2215 1397 observet,
2246 1306 2445 1378 unde

352 1443 706 1529 quantum
741 1425 1213 1515 aberraveris,
1249 1438 1369 1495 tan
1379 1437 1535 1494 tum
1567 1421 1661 1495 ab
1694 1424 1849 1523 ipsa
1884 1439 2139 1497 natura
2168 1438 2239 1498 et
2265 1426 2448 1497 veri-

355 1561 498 1618 tate
540 1544 979 1618 discesseris.
1023 1548 1270 1640 Neque
1317 1564 1565 1612 verear
1597 1539 2059 1632 confirmare,
2094 1567 2251 1614 non
2286 1566 2443 1614 esse

355 1663 724 1736 difficilius
751 1663 906 1735 sine
929 1662 1092 1733 luce
1115 1674 1240 1731 aut
1272 1660 1434 1730 sine
1453 1658 1684 1731 oculis
1704 1657 1987 1757 objecta
2009 1660 2443 1757 perspicere,

353 1806 578 1879 quam
604 1779 918 1853 solidam
941 1778 1232 1851 laudem
1254 1778 1596 1875 adipisci,
1622 1791 1695 1848 et
1719 1762 2097 1873 ingenium
2123 1774 2449 1849 excolere

355 1898 522 1970 aliis
549 1892 958 1969 rationibus
977 1948 996 1985 ,
1038 1918 1254 1991 quam
1291 1920 1466 1991 quas
1497 1895 1728 1968 Graeci
1778 1909 1852 1966 et
1884 1894 2192 1967 Romani
2234 1891 2451 1964 nobis

357 2016 1005 2115 praescripseruntz
1063 2014 1213 2085 sive
1270 2014 1470 2085 enim
1522 2014 1836 2111 propriis
1897 2010 2122 2085 felicis
2174 2012 2451 2109 ingenii

359 2133 632 2206 viribus
661 2132 928 2223 innixi,
951 2133 1100 2203 sive
1130 2131 1224 2203 ab
1249 2146 1402 2204 arte
1430 2146 1503 2203 et
1526 2132 1787 2204 studiis
1811 2132 2177 2223 instructi,
2203 2156 2451 2203 earum

358 2251 674 2347 vestigiis
707 2265 948 2321 tamen
979 2247 1462 2320 succedimus·
1497 2249 1640 2337 Qui
1675 2264 1917 2321 autem
1944 2249 2297 2347 Antiquos
2324 2248 2451 2320 da-

359 2381 636 2458 mnant,
662 2390 878 2439 causa
905 2389 1060 2437 non
1097 2365 1413 2461 cognita,
1446 2390 1600 2437 non
1626 2365 1755 2437 abs
1784 2392 1859 2438 re
1887 2370 2044 2457 erit,
2073 2391 2198 2439 eos
2232 2366 2453 2439 semel

361 2496 434 2553 et
465 2482 682 2554 simul
711 2496 917 2553 tanto
949 2505 1189 2554 errore
1217 2479 1559 2574 liberare,
1588 2496 1670 2552 ut
1700 2483 1875 2580 ipsis
1899 2481 2135 2581 palam
2162 2482 2315 2574 fiat,
2346 2508 2452 2575 se,
2522 2491 2527 2497 ’

363 2596 545 2670 dum
573 2599 800 2670 nimio
835 2598 914 2670 in
946 2598 1140 2670 hanc
1171 2613 1450 2670 aetatem
1479 2598 1725 2671 studio
1758 2603 2139 2673 transversi
2161 2603 2455 2700 rapiun-

363 2732 515 2807 tur,
565 2718 719 2811 ejus
771 2717 974 2789 samae
1025 2718 1225 2816 apud
1268 2733 1603 2815 posteros
1647 2721 2143 2813 gravissimum
2182 2720 2452 2793 vulnus

361 2831 866 2930 imprudentes
931 2834 1280 2931 infligere.
1347 2834 1745 2921 Quodnam
1810 2837 2006 2905 enim
2073 2838 2455 2934 excogitari

364 2965 612 3047 potest
652 2950 911 3023 clarius
942 2968 1456 3049 argumentum
1498 2953 1593 3025 ad
1630 2953 1871 3025 saeculi
1906 2956 2221 3051 cujusvis
2261 2960 2459 3052 igno-

363 3066 678 3137 rantiam
698 3122 717 3157 ,
793 3082 917 3138 aut
990 3068 1237 3165 potius
1303 3067 1709 3141 barbariem
1776 3068 2416 3145 demonstrandam
2438 3128 2457 3163 ,
2505 3092 2511 3103 ’

363 3212 584 3284 quam
637 3186 841 3285 quod
899 3186 1002 3258 ibi
1052 3193 1413 3259 Homerus
1459 3189 1706 3261 audiat
1750 3190 2077 3289 ineptus,
2120 3193 2317 3265 Plato
2364 3193 2457 3267 ad

364 3302 738 3377 fastidium
785 3303 1145 3402 prolixus,
1190 3304 1613 3379 Aristoteles·
1654 3332 1909 3405 parum
1962 3308 2253 3401 doctuS,
2313 3315 2457 3383 De·

365 3418 786 3493 mosthenes
843 3436 918 3493 et
980 3422 1232 3493 Cicero
1283 3448 1322 3495 e
1373 3423 1586 3495 trivio
1650 3426 2038 3499 oratorculi
2057 3481 2076 3518 ,
2118 3428 2457 3526 Virgilius

361 3550 584 3633 poeta
617 3534 842 3607 nullis
873 3538 1149 3632 gratiis,
1191 3537 1398 3610 nullo
1435 3554 1692 3611 ornatu
1717 3595 1738 3632 ,
1772 3543 2111 3614 Horatius
2140 3543 2462 3643 denique⁴

363 3652 606 3743 rudiS,
641 3651 944 3724 humilis
979 3669 1050 3725 et
1083 3655 1241 3726 sine
1277 3655 1568 3727 nervis?
1616 3657 1936 3729 Barbarae
1984 3657 2125 3729 illae
2174 3676 2460 3757 gentes,

365 3795 527 3867 quae
573 3772 924 3843 Graeciam
982 3786 1056 3843 et
1107 3770 1382 3844 Italiam
1437 3774 1910 3873 populantes,
1965 3791 2166 3848 tanto
2220 3778 2471 3855 furore

368 3887 900 3983 grassabantur,
930 3889 1111 3987 quid
1145 3916 1467 3987 unquam
1497 3894 1573 3963 in
1602 3890 1931 3965 delendis
1957 3894 2463 3991 pulcherrimis
