3000 4684
0 4295 9 4432 —r--v—

493 369 583 438 82
1057 363 1143 450 Q.
1197 363 1614 430 noRA‘rn
1663 363 2016 431 FLAccl

568 507 832 560 Anum.
861 505 937 557 Eo
958 513 1147 572 spectat
1162 503 1267 555 haec
1284 503 1463 570 Satira,
1478 515 1537 555 ut
1553 502 1731 554 invidis
1745 521 1802 555 ac
1817 504 1980 555 stultis
1997 503 2282 556 bominibus
2301 507 2590 574 respondent

492 607 634 665 poeta
654 633 668 660 ‚
698 594 785 663 qui
820 591 941 660 ipsis
975 592 1235 643 obscurum
1268 605 1422 657 genus
1455 590 1855 657 expmbrabant3
1879 592 2010 660 quod
2032 593 2334 660 propositum
2356 593 2502 658 dIgne
2531 611 2589 646 ac

488 684 719 733 decenter
761 667 1006 729 assentitus
1045 686 1135 727 est.
1175 674 1311 726 Vera
1358 673 1590 726 nobilitas
1606 713 1621 740 ,
1652 693 1761 744 quae
1807 691 1908 728 non
1953 677 2008 728 in
2054 676 2243 729 divitiis
2279 687 2367 729 aut
2410 691 2590 742 genere

489 768 640 834 claro,
660 767 745 817 sed
766 767 815 816 in
834 764 935 816 sola
952 763 1135 815 virtute
1152 764 1247 814 sita
1268 773 1359 829 est,
1378 772 1718 828 argumentum
1738 772 1836 822 esu
1859 773 1910 814 et
1925 764 1992 814 ita
2007 763 2114 814 fere
2123 766 2441 816 continuatur
2459 765 2588 816 idea·

492 871 601 905 rum
628 854 798 905 series.
832 849 1167 902 Proficiscitur
1185 859 1327 917 poeta
1349 848 1413 899 ab
1442 847 1661 900 amicitia
1681 847 1988 914 Maecenatis,
2004 851 2092 919 qui
2125 850 2462 902 nobilissimus
2483 851 2588 918 ipse

492 945 721 997 obscuros
744 952 908 993 tamen
936 939 1161 990 homines
1199 955 1296 990 non
1331 937 1571 1005 despicit,
1605 949 1656 988 et
1678 921 1920 1006 quemque
1939 955 2000 990 ex
2025 939 2252 1005 ingenio,
2273 955 2372 990 non
2393 957 2454 991 ex
2473 949 2586 992 ortu

494 1029 626 1080 facit.
652 1027 841 1078 Videre
869 1035 944 1076 est
975 1023 1161 1076 seilicet
1194 1023 1420 1074 homines
1442 1021 1738 1074 clarissimos
1761 1038 1958 1089 genere,
1981 1039 2070 1090 per
2089 1037 2143 1073 se
2164 1021 2372 1074 infames
2393 1033 2444 1075 et
2459 1041 2583 1074 oon-

492 1113 809 1178 temnendos;
840 1121 891 1162 et
920 1109 1041 1160 alios
1073 1109 1191 1176 qui,
1219 1107 1399 1158 humili
1421 1107 1526 1161 loeo
1547 1108 1650 1160 nati
1667 1145 1680 1171 ,
1702 1123 1790 1158 sua
1807 1107 2090 1159 conditione
2107 1118 2236 1160 stare
2252 1109 2480 1159 nesciunt
2498 1146 2512 1173 ,
2537 1117 2588 1159 et

492 1199 699 1250 honores
722 1197 1026 1260 affectantes,
1045 1211 1098 1243 se
1114 1192 1410 1243 deridendos
1428 1193 1712 1260 propinant.
1737 1191 1972 1244 Horatius
1990 1187 2176 1259 autem,
2194 1193 2430 1244 libertino
2449 1201 2588 1260 patre

490 1295 665 1352 natus,
684 1283 942 1336 Maecenati
968 1279 1185 1349 placuit,
1214 1297 1314 1331 non
1350 1289 1552 1347 propter
1579 1294 1732 1346 genus
1755 1288 1841 1330 aut
1861 1278 2092 1346 divitias,
2117 1279 2202 1330 sed
2226 1290 2425 1347 propter
2443 1279 2586 1346 inge-

493 1373 628 1425 nium
665 1380 717 1424 et
747 1371 971 1439 proprias
989 1368 1148 1420 dotes.
1174 1365 1341 1436 Atque
1368 1366 1518 1417 etiam
1536 1401 1552 1434 ‚
1585 1365 1630 1416 si
1661 1367 1827 1434 paucis
1855 1365 1994 1417 vitiis
2018 1367 2208 1418 laborat
2225 1404 2239 1432 ,
2261 1375 2312 1418 et
2327 1365 2446 1435 quid
2467 1366 2588 1418 boni

490 1462 635 1512 habet
655 1498 669 1520 ‚
690 1459 783 1509 hoc
804 1472 949 1508 omne
974 1455 1103 1522 patri
1132 1471 1223 1505 suo
1253 1452 1492 1504 libertino
1523 1452 1673 1504 debet
1690 1489 1706 1512 ‚
1727 1453 1866 1518 cujus
1895 1453 2123 1504 nonnulli
2145 1453 2478 1506 bumilitatem
2500 1471 2586 1506 ro-
2661 1507 2664 1510 ,

485 1548 630 1597 dunt.
652 1545 802 1594 Pater
818 1539 1003 1593 scilicet
1021 1539 1110 1592 ille
1130 1549 1299 1590 natum
1320 1536 1596 1590 liberaliter
1613 1537 1833 1603 educari,
1855 1553 1910 1589 ac
1927 1539 2090 1606 potius
2108 1539 2316 1606 probum
2333 1555 2480 1607 quam
2499 1539 2584 1590 di·

484 1632 632 1683 vitem
651 1647 758 1681 esse
776 1627 949 1681 voluit.
982 1627 1101 1678 Ideo
1120 1633 1261 1693 poeta
1286 1625 1414 1692 patri
1437 1640 1526 1675 suo
1545 1625 1724 1689 gratias
1743 1626 1869 1691 agit,
1891 1641 1982 1675 nec
2006 1641 2118 1675 eum
2135 1663 2151 1691 ,
2172 1625 2363 1676 etiamsi
2383 1623 2583 1687 liceret,

488 1735 577 1784 pro
611 1716 855 1768 nobiliore
884 1731 941 1765 ac
970 1714 1151 1766 ditiore
1184 1719 1423 1764 mutaret:
1460 1727 1573 1761 nam
1606 1713 1837 1778 potentiae
1869 1729 1923 1762 ac
1949 1711 2139 1764 divitiis
2169 1713 2411 1780 praeponit
2433 1712 2582 1764 vitam

439 1835 443 1840 ›
488 1805 812 1869 mediocrem,
848 1803 932 1854 sed
966 1801 1173 1853 liberam
1195 1837 1210 1862 ‚
1246 1817 1302 1851 ac
1340 1799 1470 1850 curis
1508 1798 1858 1868 laboribusque
1896 1797 2123 1850 solutam.
2165 1797 2211 1851 Ο
2245 1811 2457 1852 sanctam
2493 1800 2584 1851 filii

488 1892 609 1942 boni
634 1888 871 1941 indolem!

560 1949 779 2026 Studiosi
802 1971 1191 2040 comparaverint
1222 1971 1349 2020 banc
1374 1969 1588 2020 Satiram
1613 1985 1725 2020 cum
1750 1969 1898 2020 tertia
1915 1969 2188 2036 Iuvenalis,
2207 1989 2316 2040 quae
2341 1974 2392 2022 in
2415 1973 2584 2024 eodem

489 2069 777 2127 argumento
799 2059 1038 2122 venitm-3
1061 2058 1200 2122 longe
1218 2065 1381 2106 autem
1400 2055 1530 2107 alius
1549 2055 1726 2108 coloris
1743 2066 1835 2107 est.
1865 2055 1960 2106 En.

487 2260 539 2277 n
545 2255 1217 2276 ωδὶὓψῦἱωωωδ
1223 2253 2299 2276 §smmsmsnmmmssff
2305 2257 2485 2277 ΒΆΒἏ
2493 2259 2583 2278 “5

1127 2423 1626 2508 ·SAT1RA
1694 2423 1908 2508 VII.

488 2627 759 2690 Horatius
780 2634 997 2708 Regem
1024 2633 1322 2706 Rupilium
1353 2604 1685 2689 tet-Persium
1709 2631 2014 2705 quemdam
2032 2671 2047 2698 ‚
2072 2627 2306 2687 divitem
2333 2633 2583 2707 negotia-

566 2745 784 2802 torem,
808 2735 947 2790 dum
976 2753 1181 2789 eorum
1211 2733 1336 2790 lites
1365 2747 1423 2790 et
1446 2733 1700 2790 convicia
1720 2774 1737 2802 ,
1771 2732 1845 2787 ab
1877 2733 2060 2790 altero
2089 2733 2150 2787 in
2181 2734 2422 2788 alterum
2447 2751 2584 2788 con-

566 2834 739 2906 jecta,
769 2845 1029 2903 enarrat,
1058 2845 1123 2889 ut
1150 2833 1411 2888 homines
1446 2833 1690 2888 insulsos
1715 2831 1954 2919 deridet.

492 3013 917 3080 Pnoscmm
952 3009 1156 3104 Regis
1188 3008 1415 3103 Rupili
1450 3031 1574 3101 pus
1611 3022 1810 3100 atque
1847 3031 2211 3094 venenum,

494 3123 795 3218 Hybrida
812 3149 961 3228 ‘quo
994 3141 1191 3218 pacto
1230 3126 1316 3194 sit
1348 3125 1612 3194 Persius
1645 3122 1854 3212 ultuS,
1890 3125 2132 3218 opinor

564 3333 613 3370 1.
656 3317 941 3390 Proscripti
971 3315 1369 3388 Regisflupili',
1406 3295 1499 3371 etc.
1575 3319 1844 3370 Praeturam
1861 3308 2068 3385 gereret,
2087 3318 2140 3369 in
2157 3315 2473 3369 triumviratu
2487 3333 2591 3386 pro—

430 3407 440 3435 ¹
487 3404 703 3455 Sensust
750 3403 803 3452 in
841 3401 1010 3467 vulgus
1051 3411 1223 3454 notum
1258 3413 1365 3466 est,
1402 3421 1506 3473 quo
1576 3405 1784 3471 scriptus
1809 3403 1873 3454 ab
1905 3400 2128 3470 Augusto
2146 3401 2365 3468 confugit
2387 3400 2445 3453 ad
2465 3401 2592 3453 Bru·

480 3491 632 3555 pacto
647 3483 979 3554 (quodicterio
994 3485 1203 3546 inficeto,
1220 3485 1393 3535 infra.
1407 3495 1506 3538 53-
1581 3498 1684 3539 tum
1699 3525 1715 3556 ,
1759 3485 1812 3538 in
1851 3487 1990 3554 cujus
2029 3486 2204 3540 castris
2239 3501 2349 3540 cum
2389 3485 2594 3539 Horatio

492 3569 577 3637 35)
598 3577 935 3620 remuneratus
954 3569 1233 3621 sitPersius
1246 3569 1506 3638 proscripti
1573 3569 1843 3622 commilito
1872 3586 1998 3636 oegre
2034 3570 2150 3622 tulit
2186 3571 2442 3622 tribunum
2481 3587 2589 3622 eum

493 3653 640 3719 Regis
656 3651 851 3721 Rupilii
867 3654 1099 3720 convicia,
1112 3653 1290 3706 veneni
1310 3664 1361 3705 et
1376 3653 1506 3705 fellis
1576 3669 1680 3704 esse
1699 3653 1934 3716 militum,
1955 3655 2148 3720 generis
2169 3653 2524 3720 ignobilitatem
2543 3652 2591 3703 ei

492 3737 659 3803 plena.
688 3765 757 3773 —
792 3733 1077 3807 Proscripti
1102 3735 1255 3812 Regis
1292 3731 1506 3807 Rapui,-
1575 3739 1754 3806 saepius
1792 3740 2113 3808 exprobrans.
2137 3735 2304 3804 Quare
2326 3735 2556 3790 Horatius
2573 3775 2588 3797 ‚

494 3812 661 3864 Schol.
682 3811 839 3881 Cruq.
860 3833 887 3860 κ
903 3815 1113 3868 Publius
1130 3813 1383 3885 Rupilius,
1400 3817 1508 3868 Rex
1581 3829 1637 3870 ut
1663 3838 1716 3871 se
1735 3819 2065 3887 ulcisceretur,
2086 3819 2325 3874 describit
2344 3822 2592 3873 inficetum

494 3897 847 3959 Praenestinus,
870 3909 1119 3968 postquam
1142 3917 1169 3951 a
1186 3898 1509 3953 Praenestinis
1581 3911 1633 3952 et
1647 3918 1875 3968 arrofflns
1892 3903 1994 3971 ejus
2014 3905 2068 3955 in
2085 3905 2330 3972 jurgando
2344 3921 2455 3958 cum
2473 3905 2595 3955 Per-

492 3979 547 4032 in
564 3971 793 4030 exsilium
810 3981 986 4032 missus
999 3993 1146 4045 esset,
1164 3983 1215 4034 in
1233 3981 1397 4036 Attica
1415 3985 1510 4035 mi-
1581 3985 1655 4037 sio
1688 3987 1957 4055 ingenium.
1984 4007 2010 4036 n
2034 3986 2221 4040 Omnes
2241 3999 2402 4042 tamen
2427 3990 2480 4040 in
2501 3987 2593 4039 hoc

488 4062 657 4116 litavit
690 4061 783 4113 sub
810 4057 951 4115 Attio
966 4063 1134 4117 Varo:
1157 4066 1336 4120 deinde
1353 4085 1508 4138 quum
1579 4069 1908 4139 conveniunt,
1954 4083 2011 4123 ut
2041 4073 2274 4141 Rupilius
2305 4071 2592 4142 cognomine
