3000 4684
526 372 669 445 518
1111 325 1120 333 ’
1317 372 1839 443 EXCURSUS

522 524 698 575 cesso,
731 504 925 561 locum
939 542 957 573 ,
980 514 1047 559 ut
1070 502 1247 561 hodie
1270 501 1474 571 fertur,
1494 502 1558 557 in
1584 501 1799 559 mendo
1827 501 2074 572 cubare3
2100 499 2178 559 sic
2205 502 2624 561 restituendum

524 616 581 659 ct
606 602 1013 681 reponendum
1038 601 1329 659 arbitror:
1356 626 1381 653 «
1399 601 1574 677 Regis
1595 618 1772 676 opus:
1799 600 2065 659 sterilisve
2083 600 2248 677 palus
2263 602 2432 677 prius
2453 615 2626 677 upta-

524 716 639 772 que
663 697 861 768 remis,
889 695 1115 753 Vicinus
1142 695 1322 753 urbes
1347 693 1474 765 alit,
1507 705 1565 753 et
1589 712 1766 771 grave
1784 694 1953 753 sentit
1975 704 2252 753 aran-um.
2275 719 2300 747 »
2327 695 2446 752 Ubi
2471 695 2628 753 illud

523 810 601 849 ve
624 811 693 847 ex
714 790 1013 861 Vossinno,
1037 790 1361 858 Graeviano,
1389 801 1447 847 et
1466 790 1782 847 Batteliano
1803 790 2189 861 adsciscimus;
2212 816 2236 841 κ
2251 790 2374 849 Sive
2393 792 2628 870 Neptu-

524 908 689 945 nus...
712 888 979 945 sterilisve
998 888 1219 965 palus...
1240 906 1344 944 seu
1362 886 1527 945 annis
1545 905 1781 945 cursum
1798 888 2066 959 mutarim
2087 914 2111 940 n
2133 899 2200 947 ut
2218 889 2404 947 canu.
2419 888 2524 960 lv,
2551 906 2622 945 2:

524 1012 549 1038 «ι
578 987 688 1043 Sea
728 987 867 1056 deos
899 1003 1179 1063 regesque
1224 986 1457 1044 canit....
1503 984 1626 1043 Sive
1663 1006 1810 1063 quos
1856 988 1996 1063 Eleu
2035 989 2278 1049 domum
2314 988 2624 1055 reducit...

522 1084 727 1143 Flebili
752 1104 1001 1163 sponsae,
1020 1085 1362 1159 juvenemve
1390 1096 1626 1160 raptum
1652 1087 1868 1144 Plorat.
1885 1112 1916 1137 a»
1943 1087 2070 1163 Qaoe
2100 1106 2240 1155 vero
2265 1086 2497 1145 nullum
2522 1086 2628 1145 hic

522 1187 716 1243 locum
750 1185 962 1255 haben
1006 1197 1077 1242 ut
1117 1186 1305 1243 miror
1342 1184 1443 1241 bic
1487 1195 1576 1244 tot
1617 1185 1937 1245 editoribus
1974 1206 2242 1245 somnum
2281 1186 2622 1261 obrepsisse.

524 1282 647 1337 Jam
682 1291 872 1336 autem
900 1292 965 1336 ut
990 1281 1089 1337 diu
1118 1280 1179 1338 in
1198 1282 1369 1355 prius
1398 1292 1780 1351 mutaremus,
1797 1293 1857 1339 et
1874 1300 2082 1349 vocum
2103 1279 2444 1364 similitudo,
2469 1300 2628 1355 prae-

523 1378 717 1436 sertim
743 1379 845 1437 ubi
864 1379 1039 1435 Prius
1073 1378 1479 1455 compendiose
1513 1374 1803 1450 scribitur,
1826 1392 1885 1438 et
1916 1380 2038 1459 ipsa
2067 1379 2346 1439 sententia
2371 1396 2626 1435 monue-

523 1487 683 1533 runt.
709 1478 835 1534 Hoc
866 1476 1021 1533 enim
1052 1476 1172 1535 sinc
1199 1475 1381 1537 dubio
1408 1476 1596 1535 voluit
1619 1478 1884 1550 Flaccus,
1903 1480 2046 1549 Quae
2063 1478 2139 1535 ab
2161 1477 2324 1538 omni
2343 1494 2467 1533 oevo
2492 1485 2620 1531 ste-

520 1571 642 1628 rilis
672 1570 839 1647 palus
870 1570 1090 1639 fuerat,
1116 1588 1273 1627 nunc
1310 1572 1587 1629 exsiccata
1614 1582 1836 1648 ,segetes
1871 1571 2004 1629 fert.
2044 1571 2228 1647 Atqui
2256 1570 2317 1625 in
2348 1569 2456 1626 hac
2477 1586 2622 1625 sen-

520 1668 697 1724 tentia
728 1666 937 1724 rectius
970 1666 1135 1743 prius
1161 1668 1341 1742 palus
1366 1666 1609 1735 dixeris,
1638 1685 1812 1742 quam
1843 1668 1963 1725 diu.
2002 1668 2213 1724 Noster
2238 1666 2425 1721 Cunn-
2455 1666 2513 1733 Ι,
2545 1663 2581 1721 3
2603 1683 2622 1719 :

522 1791 546 1815 ει
575 1764 905 1837 semotique
921 1765 1097 1840 prius
1126 1745 1289 1819 tarda
1322 1764 1620 1821 necessitas
1649 1764 1774 1821 Leti
1802 1764 2090 1841 corripuit
2116 1763 2376 1839 gradum.
2393 1786 2418 1813 n
2447 1759 2626 1815 Prius

518 1864 741 1933 semoti,
768 1881 974 1942 nempe
1002 1862 1076 1919 ab
1095 1863 1228 1938 ipsis
1246 1862 1485 1923 humani
1508 1863 1735 1939 generis
1753 1862 2106 1939 primordiis.
2127 1861 2299 1920 Ovid.
2316 1861 2550 1917 Metam.
2567 1858 2624 1927 1,

528 1956 677 2015 135.-
710 1984 735 2011 σι
759 1960 1253 2035 Communemque
1273 1961 1443 2035 prius
1452 2001 1474 2029 ,
1507 1978 1616 2016 ceu
1651 1960 1872 2018 lumina
1913 1961 2048 2020 solis
2080 1971 2138 2017 et
2171 1976 2370 2029 nurus,
2403 1956 2628 2015 Caums

460 2079 465 2085 ·
520 2055 767 2111 humum
786 2054 964 2132 longo
992 2056 1236 2133 signavit
1258 2055 1436 2114 limite
1462 2075 1715 2115 mensor.
1739 2082 1764 2107 »
1783 2058 1858 2114 Et
1874 2058 1960 2127 H,
1988 2057 2130 2132 174:
2154 2081 2181 2108 ι
2196 2058 2452 2131 Quaeque
2472 2054 2626 2132 polo

518 2154 701 2229 posita
733 2165 817 2211 est
840 2154 1061 2229 glaciali
1086 2154 1356 2232 proxima
1381 2175 1636 2233 serpens.
1667 2157 1908 2234 Frigore
1930 2157 2098 2235 pigra
2115 2156 2318 2232 prius,
2347 2174 2458 2213 nec
2481 2154 2628 2212 sozh

522 2246 807 2304 midabilis
836 2246 971 2317 ulli,
1000 2248 1263 2307 Incaluit.
1288 2274 1313 2297 ι·
1354 2252 1516 2310 Pone
1547 2250 1670 2325 jam
1708 2252 1770 2307 in
1806 2252 1896 2309 his
1931 2250 2072 2331 locis
2103 2252 2220 2306 Diu
2259 2266 2372 2323 pro
2398 2245 2620 2325 ptius,-

518 2362 717 2400 versus
736 2344 968 2418 quidem
986 2363 1149 2419 aeque
1168 2358 1480 2422 utrumque
1497 2349 1751 2424 recipiet,
1769 2346 2040 2407 sententis
2061 2366 2184 2402 non
2203 2346 2355 2403 item.
2375 2346 2626 2423 Quippe

522 2442 637 2497 Diu
664 2440 834 2498 fuisse
865 2442 1157 2512 dicuntur,
1194 2462 1323 2517 quae
1348 2465 1380 2501 a
1412 2446 1595 2521 longo
1629 2456 1886 2521 tempore
1912 2443 1991 2501 sic
2027 2454 2223 2513 erant3
2247 2443 2350 2499 vix
2383 2462 2512 2517 quae
2541 2443 2626 2499 ah

524 2537 714 2595 omni:
742 2538 916 2595 Prius
940 2558 1081 2597 vero
1110 2541 1340 2617 utrique
1368 2542 1557 2599 sensui
1587 2562 1658 2599 ex
1685 2561 1849 2622 aequo
1871 2540 2159 2601 convenit.
2176 2540 2380 2617 virgil.
2397 2542 2616 2619 Geor-g.

523 2636 637 2703 111,
662 2632 776 2690 362
796 2654 809 2688 ε
833 2660 857 2685 α
877 2633 1271 2693 Concrescunt
1294 2636 1497 2693 subitae
1519 2636 1779 2693 currenti
1805 2636 1868 2693 in
1893 2635 2130 2693 flumine
2150 2647 2384 2707 crustae,
2415 2636 2622 2693 Unda-

520 2751 633 2807 que
654 2733 777 2807 jam
802 2745 966 2811 tergo
996 2732 1241 2791 ferratos
1268 2734 1508 2792 sustinet
1539 2734 1734 2805 orbes,
1754 2734 2051 2811 Puppibus
2070 2735 2170 2790 ina
2187 2736 2360 2809 pn'ccs
2383 2733 2624 2811 pandis,

520 2850 677 2888 nunc
713 2830 939 2908 hospita
964 2832 1249 2908 plaustris.
1284 2858 1309 2883 n
1336 2834 1412 2889 Et
1447 2834 1578 2889 AEn.
1614 2832 1704 2903 X,
1739 2833 1852 2889 123
1879 2852 1894 2887 ε
1927 2858 2044 2889 m...
2065 2831 2346 2896 innabant
2373 2830 2622 2909 pariter,

524 2924 845 3003 fluctusque
874 2928 1168 2998 secabant,
1188 2931 1346 3000 Quot
1358 2930 1536 3003 prius
1560 2938 1746 2986 aeratae
1772 2940 2048 2986 steterant
2073 2929 2147 2986 ad
2170 2929 2343 2986 litora
2369 2946 2578 3003 prorae.
2594 2952 2622 2979 n

523 3026 719 3093 Quum
753 3036 943 3081 autem
967 3027 1139 3100 prius
1175 3046 1209 3081 a
1240 3024 1590 3083 dormitante
1629 3023 1873 3081 librario
1913 3026 1978 3081 in
2007 3026 2108 3107 tlt-’u
2145 3037 2428 3082 mutatum
2453 3035 2624 3097 esset,

521 3122 839 3195 sterilisque
852 3124 1037 3196 palus
1067 3120 1168 3177 diu
1198 3134 1457 3197 aptaque
1484 3121 1662 3177 remis
1670 3141 1696 3191 ,-
1726 3122 2017 3197 reliquum
2047 3135 2196 3193 erat,
2225 3134 2292 3181 ut
2319 3122 2626 3201 proximus

527 3216 849 3291 exscriptor
883 3218 1057 3292 ipsius
1074 3256 1091 3288 ,
1124 3230 1189 3274 ut
1233 3216 1503 3293 putabat,
1541 3234 1742 3275 versus
1779 3218 1961 3294 gratia
1975 3262 1994 3291 ,
2025 3220 2204 3277 verbu
2233 3220 2333 3279 illa
2363 3220 2620 3277 inverte-

528 3326 634 3372 ret.
664 3316 881 3371 Ber-rr..

1158 3502 1493 3567 Excunsus
1521 3506 1645 3583 vl,
1680 3524 1850 3571 vers.
1893 3506 2001 3568 96.

896 3642 1196 3733 Telephus
1222 3658 1281 3711 et
1308 3647 1574 3726 Peleus,
1605 3672 1803 3737 quum
1817 3670 2097 3738 pauper,
2135 3662 2248 3712 ecc.

606 3810 794 3867 Locus
823 3808 917 3865 hic
942 3808 1016 3865 ab
1050 3810 1317 3871 omnibus
1354 3814 1778 3891 Interpretibus
1813 3833 2126 3892 perperam
2151 3815 2468 3873 intellectus
2492 3827 2580 3872 est
2602 3836 2622 3873 ε

528 3929 553 3955 α
568 3904 871 3961 Interdum
906 3917 1099 3963 tamen
1136 3919 1194 3965 et
1228 3928 1432 3967 vocem
1463 3912 1760 3969 Comoedia
1797 3912 1978 3985 tollit,
2010 3908 2312 3988 Iratusque
2347 3911 2626 3971 Chremes

529 3998 751 4053 tumido
783 3997 1035 4073 delitigat
1068 4020 1208 4058 ore:
1242 4004 1317 4059 Et
1344 4006 1623 4081 Tragicus
1649 4008 1994 4085 plerumque
2021 4008 2183 4067 dolet
2216 4024 2480 4067 sermone
2505 4025 2622 4081 pe-

524 4090 717 4148 destri.
734 4093 1024 4169 Telephus
1049 4109 1104 4154 et
1128 4098 1566 4179 Peleuanuum
1583 4124 1812 4181 pauper
1831 4118 1885 4163 et
1907 4106 2068 4163 exsul
2087 4116 2334 4181 uterque
2347 4146 2366 4179 ,
2385 4104 2624 4181 Projicit
