3000 4684
559 375 646 420 xx
834 379 838 382 ·
885 353 1019 420 DE
1065 349 1506 447 OjRIGINE
1554 356 1674 423 ET
1722 355 2312 445 PROGRESSU

557 488 775 564 fuisse
793 483 1216 578 intellectas,
1236 503 1303 560 et
1321 513 1699 587 perperam
1723 489 2127 587 explicatas.
2146 490 2643 570 substiterunt

553 603 628 674 in
661 602 1544 702 ipso'fcorticefflerbisque
1572 606 2134 704 interpretandis
2158 609 2422 681 intenti
2451 603 2661 683 nihit'

555 721 740 792 ultra
767 721 1078 818 petiere:
1119 721 1319 818 quod
1345 721 1643 819 quidem
1680 722 2005 794 fecerunt
2039 739 2121 796 ut
2154 728 2635 821 grammaticis

548 864 680 937 par
705 854 884 932 erat,
920 865 1072 912 non
1109 855 1192 911 ut
1223 839 1719 938 philosophis:
1751 839 1968 939 plane
1996 844 2202 938 quasi
2230 844 2635 942 scripsisset

546 958 883 1029 Horatius
913 957 1152 1029 solum
1182 973 1262 1030 ut
1294 955 1686 1029 verborum
1722 957 2383 1031 construendorum
2417 963 2633 1033 ratio-

547 1099 718 1147 nem
760 1076 1211 1167 videremus,
1257 1074 1683 1171 dederitque
1726 1074 1943 1147 nobis
1992 1074 2261 1147 librum
2304 1075 2503 1150 horis
2548 1080 2625 1151 in

545 1191 789 1265 schola
829 1191 1199 1282 sallendi8‚
1235 1217 1386 1264 non
1423 1193 1687 1264 animis
1713 1191 1807 1263 ad
1833 1193 2169 1264 virtutem
2208 1193 2625 1269 formandis.

543 1311 840 1380 Prorsus
881 1307 1079 1379 aliud
1121 1308 1260 1379 sibi
1307 1309 1383 1379 in
1419 1307 1563 1380 hoc
1605 1333 1825 1406 opere
1866 1325 2339 1407 proposuerat
2373 1327 2621 1408 poeta:

542 1451 855 1524 namque
886 1426 1054 1498 finis
1091 1426 1482 1499 verborum
1516 1442 1625 1498 est
1656 1429 1887 1516 actio,
1922 1427 2129 1524 cujus
2154 1429 2369 1499 etiam
2404 1430 2623 1525 gratia

539 1543 756 1616 verba
782 1545 938 1642 ipsa
969 1545 1265 1617 fuerunt
1291 1560 1607 1644 reperta,
1636 1570 1795 1643 quae
1827 1545 1969 1617 nisi
2004 1545 2208 1616 illum
2238 1571 2621 1643 assequan-

538 1675 658 1730 tur
681 1657 926 1750 finem,
947 1661 1130 1732 nihil
1154 1662 1292 1733 nisi
1319 1661 1557 1734 futiles
1576 1661 1764 1752 soni,
1780 1685 1986 1733 aures
2005 1661 2302 1759 quidem
2326 1664 2617 1755 feriunt,

533 1777 627 1849 ad
653 1779 981 1852 animum
1009 1805 1180 1853 vero
1210 1805 1360 1853 non
1392 1781 1788 1880 pertinent.

629 1897 906 1966 Docere
939 1920 1075 1968 nos
1107 1897 1339 1969 voluit
1371 1897 1706 1968 Horatius
1750 1898 1825 1967 in
1873 1897 1989 1969 his
2030 1899 2319 1987 Satiris,
2362 1915 2614 1972 contra

531 2011 702 2081 vitia
751 2027 999 2084 nostra
1049 2011 1392 2103 militare,
1441 2013 1741 2084 affectus
1793 2029 2191 2110 temperare
2210 2067 2230 2101 ‚
2278 2029 2613 2086 naturam

530 2127 607 2197 in
643 2126 1158 2224 cupiditatibus
1193 2128 1659 2201 moderandis
1700 2129 1963 2201 ducem
2001 2131 2245 2228 sequi,
2287 2150 2535 2201 verum
2569 2155 2613 2203 a

529 2243 735 2335 falso,
761 2259 835 2315 et
860 2269 903 2314 a
934 2243 1150 2316 rebus
1183 2247 1359 2342 ipsis
1389 2271 1630 2318 rerum
1664 2247 1939 2344 species
1969 2247 2406 2339 discernere,
2434 2272 2613 2345 prae-

517 2361 869 2457 judicatas
889 2377 1157 2434 temere
1183 2364 1573 2462 opiniones
1598 2364 1939 2461 abjicere,
1967 2366 2323 2462 principia
2346 2381 2419 2436 et
2444 2389 2609 2438 cau·-

523 2501 634 2548 sas
655 2479 1030 2551 actionum
1052 2495 1462 2564 nostrarum
1484 2495 1893 2578 perspectas
1914 2480 2202 2570 habere,
2226 2478 2605 2553 ridiculam

521 2590 838 2695 denique
880 2622 1137 2669 eorum
1183 2598 1652 2695 pertinaciam
1694 2599 1997 2688 evitare,·
2044 2597 2209 2693 qui,
2257 2598 2523 2695 quibus
2562 2623 2605 2668 a

521 2713 933 2810 magistellis
974 2715 1122 2787 suis
1165 2716 1641 2814 opinionibus
1672 2714 1937 2786 imbuti
1959 2714 2137 2786 olim
2165 2715 2485 2806 fuerunt,
2512 2716 2601 2786 iis

518 2829 878 2902 obstinate
908 2830 1290 2922 inhaerent,
1313 2831 1514 2902 nulla
1539 2829 1784 2902 habita
1810 2830 2089 2934 ratione
2119 2829 2385 2926 quibus
2409 2831 2601 2902 inni·

517 2965 760 3022 tantur
793 2930 1320 3040 fundamentis3
1366 2974 1520 3021 uno
1559 2948 1814 3040 verbo,
1846 2950 1922 3019 in
1954 2972 2043 3020 eo
2071 2947 2493 3036 elaboravit,
2516 2964 2600 3019 ut

515 3094 651 3140 nos
673 3069 888 3141 nobis
909 3069 1171 3162 felices,
1197 3069 1445 3140 amicis
1470 3067 1839 3164 jucundos
1864 3082 1934 3140 et
1960 3064 2231 3156 fideles,
2252 3063 2597 3136 omnibus

511 3184 950 3281 quibuscum
988 3186 1330 3276 vivimus,
1363 3184 1823 3275 commodoS,
1860 3182 2104 3273 utileS,
2136 3196 2209 3253 et
2235 3179 2597 3275 benignos

510 3317 892 3398 praestaret.

603 3418 1065 3516 Interpretari
1102 3419 1412 3490 auctoris
1440 3419 1691 3512 verba,
1723 3421 1795 3490 in
1808 3421 2109 3520 figuras
2138 3415 2445 3510 digitum
2474 3416 2591 3486 in·

507 3535 804 3608 tendere
823 3590 844 3628 ‚
891 3540 1223 3609 Lectores
1278 3563 1410 3635 per
1465 3538 1813 3611 orationis
1875 3534 2215 3608 involutae
2270 3530 2591 3628 labyrin-

503 3651 691 3740 thos,
717 3667 838 3723 aut
861 3653 1374 3750 parentheseos
1401 3654 1725 3727 obscurae
1754 3652 2111 3741 tenebras„
2133 3649 2420 3736 ducere,
2438 3646 2590 3720 haec

501 3770 747 3840 omnia
773 3769 956 3841 nihil
983 3771 1326 3844 eximium
1354 3771 1650 3864 habent,
1670 3796 1829 3862 nec,
1858 3784 1940 3841 ut
1962 3767 2286 3864 loquitur
2309 3763 2589 3860 Epicte-

504 3898 640 3976 tus,
660 3887 1056 3986 quidquam
1075 3889 1489 3988 pulchrum,
1512 3906 1637 3962 aut
1654 3890 1977 3986 sapiente
1999 3885 2328 3979 dignum.
2356 3885 2474 3952 Est
2504 3876 2588 3948 il·
