3000 4684
500 381 635 427 110

1050 359 1138 450 Q.
1192 362 1608 434 nonATn
1657 366 2008 458 FLAcci

487 496 686 568 Plura
718 499 988 593 quidem
1024 500 1323 574 tollenda
1354 505 1836 600 relinquendis.
1869 511 2015 605 Age
2045 535 2302 604 queem,

492 615 595 682 Tu
624 613 791 685 nihil
823 615 895 685 in
928 642 1179 714 magno
1214 619 1449 692 doctus
1482 622 1833 716 reprendis
1863 627 2204 698 Homero?

484 731 601 804 Nil
634 735 841 805 comis
865 738 1137 832 Tragici
1172 754 1391 810 mutat
1422 739 1718 812 Lucilius
1751 743 1959 816 Acci?

471 848 630 922 Non
673 851 851 924 ridet
882 879 1109 926 versus
1142 858 1323 931 Enni
1356 861 1685 955 gravitate
1719 861 2050 951 minores„

478 970 707 1058 Quum
741 970 825 1042 de
858 998 929 1043 se
962 971 1289 1070 loquitur,
1323 1003 1461 1048 non
1496 995 1573 1050 ut
1603 981 1860 1076 majore
1891 980 2268 1077 reprensis?

476 1087 663 1177 Quid
695 1106 879 1162 vetat
911 1107 981 1162 et
1011 1109 1276 1166 nosmet
1307 1096 1528 1168 Lucili
1561 1099 1818 1194 scripta
1851 1096 2184 1196 legenteS,

474 1265 562 1333 qui
578 1265 867 1320 lutulentus
860 1267 923 1336 fl
926 1284 1048 1320 uere
1061 1269 1263 1342 dicitur)
1282 1268 1493 1342 qm‘dem

474 1347 678 1418 ntique,
698 1366 809 1420 quae
840 1349 1096 1414 tollenda,
1122 1355 1157 1405 i.
1180 1371 1226 1406 e.
1256 1357 1493 1408 sumenda

478 1441 531 1484 et
568 1434 828 1487 retinenda
864 1437 968 1488 sint
985 1473 1000 1500 ,
1038 1437 1192 1503 magis
1225 1453 1375 1507 quam
1404 1454 1492 1490 re-

476 1516 793 1590 linqnenda‚
822 1519 857 1571 i.
886 1537 931 1572 e.
966 1520 1249 1588 negligenda
1280 1531 1333 1573 et
1364 1522 1490 1591 reji-

473 1603 682 1656 cienda:
722 1603 849 1656 male
883 1603 1114 1672 Delii-ing.
1154 1615 1208 1658 et
1241 1604 1329 1658 alii
1360 1607 1493 1660 hunc

477 1685 636 1740 locum
674 1687 1102 1757 interpretantur:
1142 1690 1209 1742 cf.
1252 1707 1391 1759 supr.
1430 1691 1493 1744 ud

476 1771 581 1824 Sat.
598 1771 647 1836 1,
668 1782 721 1836 4,
748 1783 769 1824 1
788 1784 831 1824 t.
857 1772 1156 1843 Exn—Ago
1173 1791 1368 1846 quaeso,
1390 1785 1486 1826 etc.

473 1855 685 1922 Sensus:
706 1855 873 1923 Tune,
886 1859 976 1927 qui
993 1858 1133 1911 docte
1152 1859 1217 1910 de
1236 1867 1489 1927 poetanun

474 1940 634 2006 pretio
648 1939 870 2006 judicare
888 1941 1131 2004 didicisti,
1156 1941 1286 1993 nihil
1312 1939 1363 1994 in
1387 1959 1488 1995 ma·

474 2040 569 2089 gno
601 2023 820 2076 Homero
854 2025 1213 2093 reprehendis?
1253 2027 1488 2080 cominu

474 2107 612 2175 (cum
638 2108 869 2161 irrisione
905 2111 974 2162 ita
998 2109 1301 2180 appellatur)
1334 2112 1488 2164 Luci-

470 2191 571 2244 lius
598 2192 725 2244 nihil
764 2193 815 2244 in
852 2191 1065 2260 Tragico
1102 2192 1253 2247 Accio
1290 2194 1487 2249 mutat?

472 2274 543 2344 (h.
554 2291 601 2326 e.
619 2275 905 2327 mutandum
920 2286 1103 2340 eenset,
1119 2278 1413 2346 reprehendi
1420 2277 1483 2346 ι’)

470 2375 635 2411 nonne
654 2359 810 2411 Ennii
827 2377 1015 2428 versus,
1028 2361 1208 2430 quibus
1225 2363 1365 2415 deest
1378 2379 1485 2431 gra-

470 2442 617 2507 vitas,
639 2441 767 2494 ridet
779 2441 874 2493 ?-
888 2445 1061 2504 comis,
1088 2446 1141 2498 in
1162 2464 1209 2498 v.
1235 2456 1323 2510 68,
1346 2447 1487 2500 addit

472 2523 742 2589 ιηύαηιιες
770 2524 978 2578 fortasse
1012 2527 1275 2582 vocabatur
1309 2529 1381 2584 ita
1418 2532 1483 2584 ab

470 2607 555 2670 iis,
574 2609 663 2678 qui
683 2625 795 2662 eum
817 2611 1170 2666 defendebant.
1182 2615 1479 2677 —Accius‚

470 2689 667 2756 Accius,
684 2705 829 2762 poeta
850 2696 1078 2762 tragicus,
1094 2707 1205 2766 pest
1214 2698 1478 2754 Pacuvium

471 2775 665 2842 floruit;
683 2775 849 2846 plures
867 2781 1120 2846 tragoedias
1137 2782 1355 2850 scripsit,
1367 2798 1481 2852 qua-

470 2876 579 2911 rum
620 2861 891 2928 fragmenta
932 2875 1121 2917 tantum
1159 2877 1374 2918 exstant.
1416 2865 1479 2918 In

470 2951 605 2996 tanto
628 2943 814 2998 honore
838 2946 951 3013 suit,
979 2957 1037 2999 ut
1058 2947 1187 3002 infr.
1212 2948 1373 3018 Epist.
1396 2949 1473 3012 11,

390 3085 407 3104 ο
474 3035 519 3088 t,
542 3035 608 3078 ⁸6
628 3047 643 3078 z
667 3046 693 3074 α
717 3028 897 3082 famam
922 3031 1013 3083 alti
1044 3032 1177 3084 aenis
1197 3033 1283 3097 (h.
1308 3049 1358 3084 e.
1388 3033 1475 3084 So-

466 3108 670 3178 phoclis)
685 3113 881 3166 auferre
892 3134 919 3162 n
934 3114 1477 3183 dicatum—gravitate

466 3194 715 3260 muheres,-
743 3197 899 3250 Ennii
925 3215 1095 3250 versus
1112 3214 1279 3265 graves
1303 3214 1361 3249 ac
1384 3215 1477 3250 au-

465 3279 609 3342 steri,
626 3297 755 3349 saepe
772 3282 921 3334 etiam
944 3282 1125 3349 turgidi
1148 3293 1200 3334 et
1222 3281 1479 3350 ampullati

466 3373 629 3426 erant,
648 3367 884 3433 quosdam
910 3367 1060 3418 etiam
1094 3367 1311 3434 reperias
1341 3376 1479 3419 cete-

466 3463 631 3499 romm
648 3452 888 3516 gravitate
909 3449 1132 3516 indignos
1151 3487 1167 3514 ,
1193 3449 1401 3504 leviores
1422 3467 1479 3507 ac.

467 3525 571 3583 fere
609 3531 860 3586 ridiculos.
899 3533 995 3583 En.
1022 3561 1093 3572 -
1119 3535 1297 3600 Quum
1332 3529 1395 3584 de
1423 3550 1477 3584 se

465 3611 713 3684 loquitur,
736 3626 834 3668 etc.
869 3615 1035 3683 Vulgo
1066 3616 1313 3684 explicant
1348 3615 1480 3668 hunc

464 3711 657 3758 versum
678 3716 690 3748 ε
712 3709 765 3750 et
780 3709 945 3752 tamen
963 3700 1183 3769 loquitur
1198 3701 1263 3752 de
1282 3716 1354 3766 se,
1378 3715 1478 3752 non

465 3789 523 3830 nt
533 3779 597 3830 de
615 3781 929 3852 homine‚qui
944 3785 1101 3851 major
1115 3783 1182 3836 sit
1198 3783 1261 3835 iis
1272 3799 1396 3853 quos
1408 3799 1479 3834 re-

464 3863 757 3930 prehendit,
784 3883 883 3918 non
916 3885 971 3922 ee
996 3879 1137 3938 putat
1160 3867 1475 3937 prestantio-

466 3959 571 3998 rem
587 3945 771 4013 Ennio,
788 3947 937 4004 Accio
957 3963 1007 4003 et
1026 3952 1138 4004 aliis
1154 3969 1279 4021 quos
1296 3953 1471 4020 carpit.

466 4027 612 4081 Alius
628 4038 791 4084 sutem
814 4033 903 4086 ille
920 4051 1093 4089 sensus
1111 4047 1187 4088 est
1208 4054 1221 4085 ι
1240 4051 1393 4106 quum
1410 4035 1477 4088 de

1566 1289 1621 1325 se
1651 1275 1760 1342 ipso
1789 1271 2011 1343 loquitur
2030 1265 2250 1326 Lucilius
2268 1308 2288 1336 ‚
2315 1289 2476 1326 nonne
2496 1272 2576 1328 lo-

1563 1355 1737 1426 quitur
1755 1365 1814 1408 ut
1827 1357 1892 1408 de
1908 1357 2126 1423 homine,
2145 1357 2232 1426 qui
2257 1355 2412 1422 maior
2427 1357 2494 1408 sit
2509 1357 2574 1410 iis

1564 1457 1688 1510 quos
1729 1440 2088 1510 reprehendit?
2123 1457 2288 1494 nonne
2306 1441 2504 1493 videtur
2523 1457 2578 1494 se

1566 1525 1679 1578 aliis
1702 1525 1972 1593 praeferre?
2007 1543 2118 1595 qua
2143 1525 2389 1595 posterior
2407 1526 2574 1594 expli-

1561 1609 1690 1661 oetio
1711 1607 2033 1677 praecedentis
2054 1625 2186 1661 vers.
2211 1608 2378 1660 sensui
2399 1608 2573 1676 appri-

1563 1707 1643 1744 me
1663 1693 2019 1746 accommodata
2037 1703 2090 1746 et
2107 1710 2208 1747 non
2217 1691 2570 1747 contemnenda

1563 1777 1690 1830 mihi
1717 1778 1932 1831 videtur.
1963 1777 2064 1832 En.
2396 1816 2402 1822 -

1631 1871 1722 1916 ⁸6.
1755 1862 1905 1930 Quid
1921 1875 2092 1924 vetat,
2115 1871 2208 1914 etc.
2241 1861 2500 1931 Explicent
2521 1871 2572 1914 et

1559 1961 1649 1998 nos
1681 1963 1905 2014 quarere
1939 1963 2225 2015 possumus,
2260 1962 2323 1997 an
2353 1945 2572 1998 Lucilius

1557 2047 1725 2084 versus
1762 2031 1910 2084 duros
1945 2041 1997 2082 et
2039 2030 2206 2082 minus
2241 2046 2392 2097 pexos
2429 2031 2574 2082 faciat

1559 2122 1764 2185 propter
1793 2113 1870 2165 sui
1904 2111 2092 2178 ingenii
2124 2111 2434 2163 sterilitatem
2451 2147 2468 2177 ‚
2491 2111 2574 2162 vel

1559 2207 1760 2266 propter
1783 2213 1948 2249 rerum
1965 2233 1983 2261 ,
2003 2211 2126 2264 ques
2147 2195 2409 2257 tractavit,
2427 2194 2570 2246 difli-

1555 2282 1808 2334 cultatem.
1830 2280 1901 2334 At
1916 2281 1958 2332 si
1976 2281 2089 2350 quis
2111 2279 2203 2334 hoc
2229 2287 2420 2330 tantum
2449 2295 2570 2330 con-

1557 2373 1723 2432 tentus
1732 2365 1816 2428 sit,
1832 2365 1876 2416 si
1891 2375 1946 2415 ut
1958 2364 2146 2433 aliquid
2159 2364 2211 2415 in
2227 2362 2568 2414 hexametrum

1557 2447 1826 2514 redigetur,
1851 2456 1983 2498 amet
1997 2483 2015 2512 ‚
2045 2446 2334 2513 delectetur,
2363 2447 2570 2514 gandent

1553 2530 1807 2599 scripsisse
1821 2567 1840 2592 ‚
1871 2539 1966 2581 etc.
2007 2528 2098 2582 alii
2133 2539 2300 2580 autem
2322 2545 2414 2597 pro
2435 2541 2490 2582 at
2511 2529 2568 2581 in

1557 2627 1604 2666 v.
1636 2623 1702 2666 oo
1722 2651 1738 2678 ,
1772 2612 1986 2679 legentes
2017 2630 2082 2664 ae
2099 2647 2120 2674 ,
2148 2613 2221 2666 sic
2244 2612 2560 2680 intelligunt:

1551 2695 1738 2764 Quodsi
1757 2697 1908 2764 igitur
1919 2698 2095 2766 optimi
2109 2697 2294 2768 quique
2307 2696 2564 2766 scriptores

1551 2780 1753 2832 obnoxii
1785 2791 1902 2832 sunt
1935 2779 2338 2849 reprehensioni,
2359 2797 2446 2832 cur
2464 2795 2565 2832 non

1552 2863 1676 2914 mihi
1699 2879 1894 2933 quoque
1913 2862 2062 2916 liceat
2076 2879 2319 2932 quarere,
2335 2879 2453 2914 num
2466 2862 2564 2912 Lu·

1547 2946 1664 3000 cilio
1695 2946 1948 3014 ingenium
1983 2946 2062 2998 vel
2091 2943 2314 2997 difficilis
2337 2943 2564 2996 materies

1545 3031 1800 3098 denegarit
1821 3029 2108 3092 versiculos,
2129 3030 2449 3095 elegantiores
2471 3025 2566 3078 sci·

1545 3113 1664 3168 licet
1673 3113 2047 3183 (magiisacms)
2063 3123 2113 3166 et
2126 3113 2322 3166 mollius
2335 3115 2562 3178 fluentes,

1545 3214 1691 3266 quam
1713 3199 1756 3249 si
1773 3197 1906 3266 quis,
1923 3206 1980 3248 ut
1997 3196 2216 3248 Lucilius
2234 3195 2346 3264 (hoc
2369 3205 2562 3246 tantum

1545 3291 1838 3344 contentus,
1875 3282 2064 3352 aliquid
2086 3281 2304 3347 redigere
2333 3297 2475 3348 posse
2507 3279 2562 3332 in

1549 3363 1924 3434 hexametrum)
1968 3364 2203 3417 ducentos
2244 3380 2415 3416 versus
2449 3373 2564 3416 ente

1547 3466 1751 3516 coenam,
1769 3458 1821 3501 et
1839 3449 2042 3504 totidem
2063 3459 2172 3518 post
2185 3465 2372 3500 coenam
2385 3449 2562 3517 depro-

1548 3551 1743 3604 perasse
1767 3534 1866 3586 sibi
1900 3534 2105 3602 placeat.
2144 3531 2390 3586 Nonnulli
2413 3531 2560 3584 etiam

1549 3615 1718 3669 volunt
1745 3619 1983 3686 aptiorem
2004 3627 2056 3670 et
2077 3617 2428 3685 simpliciorem
2449 3617 2558 3667 fieri

1549 3699 1696 3768 hujus
1730 3699 1828 3754 loci
1859 3701 2156 3753 sententiam
2175 3737 2192 3762 ‚
2221 3701 2264 3751 si
2288 3716 2346 3751 en
2374 3696 2560 3751 comti-

1549 3795 1718 3838 tuatur
1731 3785 1805 3837 sic
1828 3803 1842 3836 z
1871 3785 2061 3853 Quidni
2087 3795 2136 3836 et
2157 3801 2266 3850 ego,
2283 3798 2435 3850 quum
2464 3797 2559 3831 ne-

1547 3868 1808 3936 gligentius
1823 3870 2031 3938 scriptos
2049 3867 2230 3920 Lucilii
2245 3883 2411 3918 versus
2431 3863 2558 3930 lego,

1546 3967 1762 4020 quornm
1781 3988 1798 4012 .,
1821 3961 1988 4006 utrum
2011 3952 2262 4018 ingenium
2280 3947 2431 4016 magis
2445 3987 2462 4014 ‚
2481 3948 2560 4000 vel

1549 4049 1711 4088 rerum
1731 4071 1748 4098 ,
1767 4050 1888 4104 quas
1915 4035 2016 4087 sibi
2042 4033 2316 4094 tractandas
2345 4031 2555 4095 sumsit,

2501 982 2692 1040 55„
