3000 4684
435 348 573 436 348

996 351 1083 438 Q.
1134 351 1554 420 HORATII
1601 351 1955 420 FLACCI

432 492 655 561 Dante
686 489 929 578 minor,
958 490 1259 582 quamvis
1294 489 1427 558 fers
1460 505 1527 558 te
1559 487 1802 560 nullius
1833 503 2160 585 egentem.
2181 519 2216 556 n
2249 553 2257 572 ,

528 607 765 676 Omnis
790 603 1208 700 Aristippum
1236 604 1462 678 decuit
1481 605 1696 699 color,
1723 622 1793 677 et
1819 622 2027 678 status
2051 621 2124 677 et
2150 633 2291 694 ree,

431 725 826 808 Tentantem
858 725 1151 819 majora,
1184 725 1325 794 fere
1358 725 1794 820 praesentibus
1827 747 2110 820 aequum.

434 844 721 930 Contra,
753 867 950 937 quem
984 840 1233 938 duplici
1265 867 1495 938 panno
1527 843 1853 937 patientia
1883 840 2096 933 velat,

2440 841 2517 900 25

430 958 766 1048 Min-abor,
800 961 953 1030 vitae
988 960 1099 1030 via
1132 961 1192 1030 si
1226 984 1554 1032 conversa
1590 958 1878 1032 decebit.

435 1075 626 1148 Alter
656 1101 1067 1173 purpureum
1098 1103 1237 1149 non
1270 1078 1684 1174 exspectabit
1715 1081 2069 1170 amictum,

433 1191 783 1282 Quidlibet
813 1195 1087 1266 indutus
1119 1177 1559 1268 celeberrima
1591 1221 1716 1294 per
1746 1195 1895 1269 loca
1925 1197 2159 1288 vadet,

432 1311 928 1406 Personamque
958 1312 1128 1384 feret
1158 1339 1297 1384 non
1330 1313 1772 1387 inconcinnus
1803 1331 2195 1412 utramque:

434 1426 624 1498 Alter
650 1427 871 1501 Mileti
902 1445 1155 1502 textam
1188 1457 1355 1503 cane
1388 1433 1576 1528 pejus
1609 1449 1678 1504 et
1694 1458 1926 1530 angue

436 1659 623 1726 poscis,
645 1669 699 1712 et
712 1660 913 1730 quidem
928 1660 1195 1714 vilissimas
1217 1675 1315 1716 res.
1341 1663 1441 1715 En.

437 1741 695 1794 -Danoe
704 1742 886 1810 nsinor,
904 1743 1187 1798 inferioreo
1204 1782 1219 1808 ,
1234 1745 1323 1815 qui
1340 1745 1444 1809 dat,

437 1824 576 1876 danti
592 1825 946 1895 quodammodo
969 1826 1251 1894 subjectus3
1278 1825 1445 1896 philo—

334 1975 341 1980 ,
438 1909 579 1978 sophi
586 1911 728 1964 ‘enim
742 1911 849 1963 fere
862 1909 1205 1963 mendicabant
1216 1927 1445 1964 nonnun-

438 2009 584 2062 quam
598 2011 614 2058 ;
628 2003 681 2046 at
691 2011 869 2048 scurra
876 1991 1445 2048 mensistlitiorumadhi-

442 2077 705 2130 bebantur.

510 2173 599 2212 2³.
628 2161 803 2212 Omnis
814 2162 1131 2232 Animppum
1145 2195 1166 2222 ,
1182 2171 1279 2214 etc.
1299 2159 1448 2214 Aris-

346 2261 355 2264 ·
439 2243 607 2311 tippus
631 2243 695 2295 ad
713 2259 906 2296 omnem
932 2243 1179 2296 fortunam
1204 2254 1257 2295 et
1280 2259 1445 2295 rernm

438 2325 766 2378 conditionem
796 2325 1029 2378 decenter
1063 2342 1116 2377 se
1144 2326 1447 2394 composuit,

443 2411 625 2477 majora
644 2426 759 2462 vero
780 2409 974 2479 assequi
1002 2409 1210 2462 tentavit
1238 2419 1289 2462 et
1317 2426 1449 2478 pre-

441 2493 604 2546 sentia
618 2511 755 2564 aequo
774 2495 941 2548 animo
959 2495 1074 2548 tulit
1090 2513 1107 2560 ;
1128 2506 1181 2546 at
1198 2491 1414 2564 Cynicus
1430 2531 1449 2558 ‚

444 2577 531 2646 qui
565 2576 897 2646 philosophica
928 2577 1167 2646 patientia
1198 2574 1351 2647 pallio
1366 2611 1383 2643 ,
1419 2594 1452 2629 e

446 2659 683 2712 crassiore
698 2677 862 2728 panno
880 2661 1099 2713 confecto
1114 2699 1131 2724 ‚
1158 2677 1266 2714 sese
1291 2660 1452 2715 invol-

449 2742 553 2810 vit,
583 2744 668 2796 vix
690 2745 951 2810 decenter,
982 2756 1131 2814 puto,
1158 2745 1222 2798 ad
1244 2746 1453 2800 fortunas

434 2828 706 2897 ,quamdam
728 2829 1049 2881 mutationem
1066 2844 1175 2880 sese
1190 2843 1454 2882 accommo-

450 2912 607 2966 dabit.
623 2941 695 2952 -—-
712 2913 869 2974 color,
894 2923 1097 2966 externa
1118 2914 1326 2965 fortunae
1347 2929 1457 2982 spe-

451 2997 549 3048 cies
564 3007 618 3049 et
634 2997 849 3071 conditio
866 3015 881 3066 ς
898 3014 1039 3065 supr.
1055 2997 1159 3049 Sat.
1180 2995 1256 3061 11,
1281 3009 1303 3048 ι
1316 3035 1331 3060 ,
1356 3008 1450 3051 60:

452 3099 479 3127 ιι
495 3079 731 3152 Quisquis
748 3083 847 3134 erit
864 3081 977 3133 vitas
995 3081 1144 3134 color.
1166 3101 1195 3131 s
1218 3078 1416 3150 —j'ens
1432 3117 1451 3142 ,

452 3165 583 3232 hanc
602 3163 993 3220 emendationem
1022 3165 1161 3218 addit
1188 3165 1423 3218 Horatius
1442 3202 1458 3233 ‚

451 3250 567 3316 quia
580 3249 787 3306 difficile
803 3249 998 3302 videtur
1016 3251 1338 3319 presentibus
1356 3267 1463 3304 om-

452 3333 571 3386 nino
584 3351 689 3385 esse
700 3344 957 3384 contentus
972 3331 1072 3394 ille,
1083 3333 1171 3402 qui
1186 3333 1369 3400 majora
1382 3349 1462 3384 cu-

451 3416 547 3482 pit.
583 3414 711 3465 Fere
735 3414 817 3466 hic
835 3423 911 3466 est
935 3430 1025 3482 pro
1061 3423 1256 3466 nostro:
1302 3413 1335 3462 ἀ
1356 3429 1462 3482 peu

445 3497 579 3568 ptis.
598 3497 769 3550 En.·--
779 3496 1188 3568 duplnbipannm·
1210 3495 1361 3566 pallio
1372 3496 1461 3548 du-

456 3579 631 3649 plicato
644 3619 661 3647 ‚
683 3580 802 3651 quia
819 3579 993 3650 Cynici
1012 3595 1109 3632 non
1135 3579 1347 3631 tunicam
1368 3579 1461 3630 sub

450 3662 601 3730 pallio
621 3664 851 3729 gerebant
860 3701 877 3730 ,
902 3661 981 3716 vel
1002 3661 1151 3730 pallio
1170 3679 1317 3731 super
1333 3661 1461 3714 alte-

454 3763 564 3798 rum
592 3748 850 3800 humerum
876 3747 1089 3814 rejecto,
1124 3757 1176 3799 et
1198 3747 1339 3816 quasi
1365 3746 1463 3798 du·-

458 3827 593 3894 plici.
612 3829 711 3880 En.
736 3829 1005 3882 Nonnullis
1016 3845 1135 3882 vero
1144 3829 1341 3882 videtur
1352 3845 1461 3882 ene

449 3925 659 3977 pannus
700 3909 894 3980 duplex
914 3947 929 3970 ,
976 3908 1197 3976 (ὃίπλαξ
1214 3949 1228 3974 ,
1270 3907 1458 3980 digus-ov

456 3991 583 4060 apud
602 3989 743 4042 Hom.
768 3994 913 4045 Iliad.
936 3995 1041 4058 111,
1068 4005 1188 4059 ¹26,
1204 4012 1455 4062 opponun-

2445 1431 2522 1492 30

1518 1673 1598 1717 tur
1616 1660 1859 1725 άπλοΐδις.
1881 1661 2352 1731 Boettiger,Vasen.
2369 1659 2518 1715 Grem.

1518 1747 1716 1812 tom.1,
1736 1747 1802 1799 11.
1826 1758 1859 1799 5
1878 1785 1894 1810 ,
1914 1764 1966 1816 p.
1986 1745 2116 1815 39),
2143 1743 2526 1812 cras-ior‚den-

1517 1828 1640 1896 sior,
1659 1838 1716 1880 ut
1725 1829 2010 1882 amiculum
2025 1827 2222 1900 duplex
2234 1827 2364 1898 apud
2377 1823 2526 1880 Corn.

1516 1909 1652 1983 Nep.
1673 1913 1868 1966 Datam.
1904 1929 1952 1966 c.
1983 1925 2034 1966 ³.
2053 1911 2426 1983 -paet'enu'am
2455 1909 2528 1962 fa·

1513 1995 1582 2048 cit
1599 2007 1743 2065 poeta
1759 1999 1990 2066 phraseos
2006 1996 2384 2061 nominativum,
2405 2011 2528 2064 pro-z

1515 2078 1602 2148 qui
1620 2079 1744 2132 adeo
1759 2079 1950 2148 patiens
1963 2087 2053 2140 est,
2067 2088 2125 2129 ut
2139 2077 2338 2131 nonnisi
2354 2075 2530 2144 dupli-

1517 2179 1645 2231 cem,
1667 2179 1880 2230 gravem,
1893 2162 2175 2214 crassiorem
2198 2177 2417 2228 pannum
2436 2175 2527 2226 ge—

1517 2257 1612 2299 rat.
1639 2247 1732 2298 En.
1751 2274 1820 2284 --
1843 2246 1980 2298 V‘uoe
1991 2247 2086 2296 via
2101 2259 2342 2297 conversa
2357 2280 2377 2306 ,
2405 2261 2523 2296 mu-

1519 2341 1622 2385 tata
1641 2331 1835 2383 fortuna
1849 2367 1863 2392 ,
1899 2339 2086 2381 muta-ta
2103 2328 2215 2380 vitas
2235 2328 2386 2380 ratio.

1592 2426 1678 2467 2⁰1.
1717 2413 2237 2484 Alter-purpureum,
2270 2422 2362 2466 etc.
2389 2409 2534 2466 Aris·

1523 2499 1712 2569 timms,
1733 2497 1829 2550 iter
1849 2497 2064 2548 facturus
2078 2533 2094 2562 ‚
2116 2513 2218 2550 non
2235 2494 2539 2548 desiderabit

1521 2582 1754 2636 amictum
1769 2580 2101 2650 splendidum,
2118 2579 2206 2632 sed
2217 2579 2443 2650 qualibet
2459 2579 2538 2633 vel

1520 2665 1760 2717 vilissima
1780 2673 1912 2717 veste
1935 2663 2136 2716 indutus
2153 2663 2260 2716 loca
2275 2660 2540 2715 celeberri-

1524 2765 1604 2802 ma
1629 2749 1944 2818 peragi-abin
1979 2756 2031 2800 et
2059 2748 2112 2800 in
2141 2757 2350 2816 utraque
2376 2756 2533 2810 sorte,

1523 2833 1628 2884 sive
1652 2833 1858 2884 amictus
1889 2829 2095 2900 pulcher
2125 2839 2177 2882 et
2207 2829 2373 2882 tenuis
2388 2868 2404 2892 ,
2435 2830 2538 2882 sive

1525 2913 1642 2966 vilis
1662 2925 1714 2967 et
1735 2929 1926 2966 crassus
1949 2913 1998 2966 ei
2019 2913 2278 2980 gestandus
2298 2913 2397 2978 sit,
2419 2928 2540 2980 par-

1528 3005 1604 3048 tes
1632 3013 1744 3047 suas
1777 3007 1892 3064 apte
1917 2997 2213 3062 sustinebit3
2253 3006 2304 3049 at
2333 2995 2541 3066 Cynicus

1529 3079 1830 3150 chlamydem
1847 3098 1878 3132 e
1889 3081 2000 3134 lana
2015 3078 2224 3150 pretiosa
2240 3091 2508 3132 contextam
2521 3115 2539 3142 ,

1532 3173 1590 3214 ut
1607 3179 1710 3215 rem
1729 3163 2054 3232 perniciosam
2087 3173 2140 3213 et
2163 3161 2539 3224 abominabilem

1535 3248 1707 3315 fugiet.
1755 3275 1826 3286 -—-
1859 3261 2231 3318 personamque
2255 3245 2400 3312 seme
2435 3261 2542 3296 non

1535 3331 1878 3383 inconcinnus
1899 3343 2166 3400 utrunque
2181 3349 2200 3378 .·
2235 3327 2388 3380 refert
2414 3326 2544 3380 Plu-

1533 3414 1729 3466 tan-chus
1754 3413 1806 3464 id
1841 3414 1894 3465 in
1923 3409 2179 3478 Aristippo
2203 3409 2547 3462 admirandum

1533 3513 1659 3563 esse,
1675 3497 1806 3566 quod
1825 3495 1898 3547 vel
1915 3495 2001 3546 vili
2020 3510 2076 3546 ac
2095 3493 2238 3556 trito,
2253 3491 2329 3544 vel
2347 3492 2548 3546 Milesio

1536 3579 1687 3648 pallio
1705 3581 1906 3633 indutus
1921 3617 1936 3642 ,
1961 3579 2130 3630 eadem
2147 3577 2367 3646 corporis
2385 3578 2547 3644 digni-

1536 3675 1662 3727 tate,
1701 3665 1870 3720 codem
1903 3663 2070 3732 lepore
2103 3663 2364 3715 emineret.
2403 3661 2542 3714 Aris-

1537 3749 1675 3817 tippo
1693 3751 1839 3801 etiam
1862 3749 2072 3818 quadam
2097 3748 2182 3799 die
2203 3745 2386 3798 dixisse
2405 3744 2547 3796 Plato

1532 3830 1718 3882 fertur:
1738 3850 1764 3878 ot
1779 3842 1834 3882 tu
1853 3831 1988 3884 solus
2000 3830 2286 3882 vilissimam
2302 3839 2352 3882 et
2365 3843 2551 3896 purpu-
2595 3871 2604 3880 .

1533 3929 1666 3966 mam
1689 3923 1873 3967 vestem
1899 3915 2150 3980 eleganter
2171 3913 2318 3980 geris.
2335 3933 2362 3961 ιι
2378 3911 2551 3966 En.—

1533 3995 1675 4048 Cane
1689 3997 1851 4068 pejus
1883 4010 1933 4048 ec
1957 4011 2134 4064 angue
2150 4032 2167 4054 ,
2196 3996 2508 4063 prouerbium
2530 4033 2547 4057 ,
