3000 4684
610 370 715 438 IN
765 370 911 437 ΕΡ]
934 366 1338 438 STOLAM
1386 369 1526 438 AD
1575 368 2009 438 PISONES.
2251 367 2392 442 565

319 507 453 565 chio
478 504 829 581 deligarent3
850 515 947 572 ut,
971 504 1018 560 si
1048 521 1245 560 omnes
1274 501 1582 560 adversum
1609 504 1872 578 pralium
1891 505 2316 573 consumsisset,
2342 519 2400 564 et

321 602 593 680 temporis
622 603 801 678 spatio
844 601 1079 660 confusa
1116 619 1435 676 corporum
1464 600 1802 658 lineamenta
1837 613 2018 659 essent
2031 643 2048 670 ,
2079 621 2148 659 ex
2185 604 2398 662 indicio

320 699 622 755 titul-orum
670 697 819 754 tradi
865 697 1168 772 sepulturae
1220 706 1467 771 possent.
1518 696 1713 765 Quum
1757 697 1836 752 sic
1880 697 2190 753 animatum
2235 717 2398 775 reges

322 797 631 853 exereitum
650 795 926 864 viderent,
949 806 1156 851 curant
1178 813 1299 850 rem
1322 793 1582 852 hostibus
1608 795 1878 851 nuntiari.
1899 797 2187 853 Messeniis
2207 807 2394 854 autem

320 911 441 950 non
470 895 737 950 timorem
766 910 889 960 res,
922 893 1022 948 sed
1052 892 1469 948 aemulationem
1497 899 1756 970 mutuam
1789 891 1961 948 dedit.
2001 893 2199 966 Itaque
2233 895 2400 950 tantis

322 990 521 1047 animis
550 1007 893 1046 concursum
924 998 1037 1054 est,
1064 998 1132 1043 ut
1162 1005 1298 1042 raro
1324 1003 1577 1060 unquam
1601 987 1892 1044 cruentius
1919 988 2186 1062 proelium
2209 989 2397 1046 fuerit.
2419 989 2427 996 '

323 1089 417 1144 Ad
440 1099 793 1162 postremum
817 1097 1003 1142 tamen
1024 1084 1261 1140 victoria
1284 1083 1847 1140 Lacedaemoniorum
1873 1084 1994 1140 fuit.
2011 1109 2038 1132 n
2060 1086 2151 1143 Sic
2175 1087 2400 1142 Aristo-

324 1201 545 1250 menes,
566 1179 907 1238 fortissimus
931 1179 1417 1257 peritissimusque
1438 1178 1852 1234 Messeniorum
1871 1180 2016 1250 dux,
2042 1181 2144 1254 qui
2162 1200 2274 1256 pro
2295 1203 2402 1257 pa·-

323 1267 437 1337 tria‘
466 1279 735 1338 adversus
762 1279 995 1352 iniquos
1022 1278 1213 1334 hostes
1240 1288 1313 1332 ut
1332 1275 1451 1332 acri
1470 1276 1864 1349 constantique
1888 1278 2110 1347 animo,
2137 1279 2218 1336 sie
2235 1281 2402 1336 etiam

320 1377 469 1436 felici
498 1389 706 1434 eventu
734 1375 953 1433 tamdiu
984 1383 1369 1450 pugnaverat,
1402 1372 1572 1430 unius
1595 1383 1780 1449 poetae
1805 1374 2034 1450 ingenio
2061 1376 2240 1433 vietus
2265 1389 2398 1432 tan-—

321 1476 452 1534 dem
484 1475 936 1551 profligatusque
974 1473 1227 1530 decessit.
1268 1474 1454 1528 Pauca
1490 1473 1750 1545 quaedam
1789 1484 2005 1531 exstant
2032 1476 2243 1550 Tyrtaei
2279 1477 2402 1532 fra-

320 1584 579 1649 gmenta,
612 1592 646 1628 a
676 1573 983 1642 Strabone,
1023 1570 1364 1640 Plutarcho,
1400 1571 1704 1639 Pausania,
1743 1572 1932 1629 Dione
1957 1573 2399 1649 chrysostomo,
2443 1608 2452 1615 ·

324 1671 685 1744 Galianoque
713 1670 969 1738 laudata3
996 1670 1101 1725 tria
1128 1685 1311 1749 yero,
1332 1679 1387 1724 et
1414 1669 1679 1744 longiora
1696 1669 1928 1743 quidem
1947 1671 2227 1739 carmina,
2247 1689 2400 1746 quo-

320 1787 456 1826 rum
490 1785 673 1826 unum
714 1767 909 1824 recitat
944 1769 1241 1843 Lycurgus
1256 1805 1273 1835 ,
1312 1767 1476 1823 Orat.
1519 1765 1580 1822 in
1615 1767 1949 1824 Leocratem
1965 1807 1982 1837 ‚
2021 1769 2242 1842 reliqua
2279 1768 2398 1825 duo

322 1869 605 1936 Stobaeus,
632 1870 813 1926 Serm.
834 1853 1057 1939 XLIX,
1080 1869 1127 1926 si
1154 1870 1281 1944 quis
1314 1868 1543 1944 legerit,
1567 1887 1688 1926 non
1711 1871 1922 1926 mirum
1943 1889 2076 1928 sane
2092 1869 2400 1940 videbitur,

322 1965 483 2041 quod
510 1967 805 2041 Tyrtaeum
830 1977 989 2023 tanto
1014 1967 1075 2021 in
1098 1967 1325 2024 honore
1352 1965 1852 2023 habuerint-Plato
1887 1979 1944 2023 et
1973 1968 2275 2036 Horatius,
2302 1986 2400 2024 ce-

324 2061 544 2136 terique
570 2063 878 2138 scriptores
908 2063 1140 2138 antiqui.
1169 2063 1586 2121 Pretiosissimoe
1619 2075 1806 2120 tamen
1833 2064 2049 2121 nemini
2077 2049 2227 2136 fere,
2252 2085 2403 2140 prae-

324 2170 583 2234 terquam
610 2159 847 2217 eruditis
864 2160 1003 2217 viris
1016 2202 1033 2231 ,
1060 2161 1336 2218 hactenus
1358 2161 1736 2218 innotuerant
1757 2159 2041 2234 reliquiae,
2073 2181 2401 2238 quanquam

324 2241 583 2332 egregius
612 2267 783 2332 poeta
816 2258 1053 2314 Nostras
1083 2258 1279 2313 Cssnt.
1312 2259 1653 2312 Daunion
1669 2297 1686 2326 ‚
1714 2257 2096 2316 celeberrimis
2129 2241 2400 2321 illis’car-

322 2354 567 2412 minibus
604 2355 721 2412 suis
746 2355 1169 2412 Messeniorum
1200 2370 1416 2410 nomen
1444 2353 1583 2412 inde
1613 2354 1842 2411 videtur
1880 2355 2106 2413 fecisse:
2147 2357 2248 2413 sed
2285 2377 2402 2415 nu-

322 2451 572 2527 perrime
601 2452 693 2508 vix-
717 2452 868 2509 inter
896 2469 1004 2508 nos
1030 2449 1285 2508 civilium
1306 2449 1589 2508 virtutum
1623 2451 1821 2523 laude,
1859 2471 1981 2510 non
2013 2453 2202 2511 minus
2228 2473 2400 2530 quam

322 2550 600 2626 singulari
628 2549 887 2607 doctrina
916 2551 1263 2623 jamdudum
1285 2549 1563 2625 inclytus,
1593 2551 1756 2623 cujus
1781 2569 1992 2608 nomen
2021 2553 2097 2608 ita
2119 2551 2398 2610 Gallicam

321 2646 509 2724 signat
527 2645 1005 2723 Typogmphicen
1015 2685 1033 2715 ,
1048 2657 1121 2702 ut
1141 2646 1293 2703 hanc
1312 2645 1491 2702 ausim
1515 2665 1706 2702 anm
1722 2647 2058 2705 Dinorrcax
2077 2651 2394 2724 appellare,

322 2745 557 2810 Nostros
576 2744 857 2800 Funus
877 2744 1089 2811 Dmor,
1110 2742 1333 2818 singula
1352 2742 1568 2819 Tyrtoei
1587 2761 1716 2818 qnae
1733 2755 2036 2818 supersunt
2054 2744 2364 2820 fragmenta
2379 2787 2396 2816 ,

322 2859 396 2900 ex
418 2859 605 2918 groeco
636 2841 697 2896 in
729 2841 993 2917 gallicum
1020 2859 1252 2897 carmen
1280 2839 1522 2897 feliciter
1547 2839 1660 2896 hoc
1691 2857 1846 2896 anno
1877 2840 2192 2910 transtulit3
2226 2853 2404 2915 atque

323 2939 469 2997 adeo
502 2936 703 2995 solerti
738 2937 969 3013 ingenio
1005 2937 1347 2995 Messeniani
1380 2936 1520 2993 belli
1553 2937 1808 2994 historiae
1840 2937 2005 2993 brevi
2032 2925 2300 3009 inseruit,
2333 2951 2414 2995 ut-

322 3058 479 3096 novo
504 3041 721 3098 lumine
744 3037 1023 3098 illustrata
1051 3037 1263 3092 famam
1287 3052 1321 3092 e
1349 3035 1643 3092 Theocriti
1673 3048 1730 3092 et
1750 3034 1974 3110 Virgilii
1997 3035 2232 3110 poeticis
2255 3053 2393 3093 ver—

322 3135 577 3194 sionibus
590 3177 607 3206 ,
634 3135 939 3212 magnique
964 3133 1299 3190 Hannibalis
1324 3131 1685 3189 memorabili
1711 3131 1986 3208 tragoedia
2015 3144 2412 3208 comparatam-

324 3227 830 3306 unplifieaverint;
872 3240 1050 3303 utque
1082 3227 1437 3284 Gallicorum
1469 3227 1826 3302 populorum
1856 3225 2204 3284 beatissimus
2233 3229 2360 3284 Rex
2381 3267 2401 3296 ,

322 3331 1009 3395 Lunovicos-Pmurros,
1034 3337 1159 3382 tum
1186 3325 1486 3380 Musarum
1517 3335 1574 3382 et
1597 3324 1800 3382 Martis
1825 3326 2116 3391 alumnae,
2142 3336 2264 3382 tum
2287 3344 2395 3403 pa-

324 3428 448 3485 triae
472 3440 635 3504 pater
656 3429 765 3486 sibi
794 3433 1125 3500 nuncupata
1146 3421 1626 3498 comprobaverit.
1659 3424 1766 3480 En.

914 3685 1249 3749 Excunsus
1275 3686 1418 3762 XV,
1452 3703 1622 3750 vers.
1663 3681 1814 3746 441.

676 3837 769 3903 Et
798 3839 955 3902 male
987 3853 1256 3906 comatos
1292 3840 1505 3904 incudi
1533 3836 1778 3902 reddere
1815 3857 2038 3900 versus.

412 4013 691 4068 Tot-natos
720 4012 951 4086 quidem
990 4031 1225 4086 ver-sus,
1260 4014 1548 4072 notissima
1587 4025 1644 4070 et
1679 4010 1959 4088 aptissima
2001 4010 2393 4081 translatione,

328 4121 480 4167 recte
498 4111 635 4168 alias
652 4109 767 4168 dici
781 4127 1095 4186 numquam
1106 4111 1446 4189 negaverim.
1462 4111 1556 4172 Sic
1583 4111 1736 4168 enim
1761 4120 1817 4168 et
1835 4107 2184 4182 Propertius,
2205 4109 2277 4179 11,
2305 4108 2398 4176 25,

2001 4201 2118 4274 36³
