3000 4684
1003 326 1184 393 ΜΒ.
1238 326 1301 413 1,
1352 324 1652 393 EPIST.
1707 326 1866 395 xv.
2340 328 2476 427 337

396 458 746 555 Quidquid
776 474 921 532 erat
950 473 1185 529 nactus
1214 458 1457 553 praedae
1491 460 1798 556 majoris,
1835 462 1952 531 ubi
1985 488 2184 533 omne

397 578 715 648 Verterat
738 574 1095 645 in-fumum
1126 588 1196 645 et
1222 576 1551 667 cinerem,
1576 605 1610 641 α
1632 578 1790 647 Non
1817 577 2086 649 hercule
2113 582 2355 674 miror,

396 694 674 783 Aiebat,
707 694 765 763 si
797 694 911 788 qui
944 691 1310 765 comeduut
1342 694 1558 783 bona3
1590 710 1796 789 quum
1829 695 1919 765 sit
1949 698 2156 769 obeso
2410 710 2487 769 lio

398 811 516 885 Nil
550 810 785 882 melius
817 811 1052 903 turdo,
1088 810 1185 881 nil
1220 808 1415 879 vulva
1446 811 1790 905 pulchrius
1824 812 2066 908 ampla.
2091 844 2126 881 ι)

499 930 839 1002 Nimirum
873 930 985 999 hic
1019 953 1143 1025 ego
1179 952 1323 998 sum
1340 955 1361 1019 ;
1398 954 1555 998 nam
1591 944 1733 1000 tuta
1763 945 1833 999 et
1861 930 2136 1025 parvula
2169 928 2402 1025 laudo,

396 1056 625 1141 Quum
664 1075 769 1121 res
804 1049 1159 1139 deficiunt,
1192 1050 1353 1119 satis
1387 1051 1564 1119 inter
1597 1048 1755 1119 vilia
1787 1050 2018 1123 fortis:

395 1174 653 1243 Verum
683 1170 801 1241 ubi
828 1166 991 1264 quid
1022 1166 1255 1238 melius
1282 1167 1616 1263 contingit
1642 1183 1712 1239 et
1736 1170 2034 1258 unctius,
2063 1171 2236 1243 idem

395 1288 539 1357 Vos
569 1309 806 1380 sapere
836 1299 907 1355 et
940 1282 1116 1355 solos
1147 1284 1259 1353 aio
1290 1283 1462 1354 bene
1496 1285 1754 1375 vivere,
1787 1310 2070 1380 quorum
2414 1290 2490 1357 45

402 1405 831 1500 Conspicitur
863 1402 1096 1474 nitidis
1130 1400 1409 1473 fundata
1440 1402 1723 1499 pecunia
1757 1400 1948 1473 villis.

468 1620 557 1665 80.
596 1613 759 1664 Omne
793 1610 1026 1663 Ver-tem
1052 1608 1109 1659 in
1122 1608 1339 1677 sumum
1367 1620 1417 1660 et
1484 1607 1706 1661 aninum
1737 1608 1933 1679 utrique
1955 1612 2074 1661 sorti
2096 1628 2204 1665 sese
2226 1629 2493 1666 accommo-

396 1692 829 1755 ct'nenmmmnia
840 1692 1157 1759 abligurierat
1171 1729 1187 1757 ,
1202 1692 1264 1743 sd
1277 1690 1410 1743 nihi·
1443 1715 1457 1727 -
1483 1691 1681 1742 dantem
1719 1693 1925 1756 attinet,
1958 1694 2163 1759 similis3
2201 1712 2313 1747 nam
2341 1716 2496 1767 quum

398 1779 503 1831 lum
512 1780 781 1845 redegerat.
795 1776 1179 1836 -Nonmt'mr,
1201 1784 1294 1827 etc.
1312 1790 1413 1826 nou
1486 1790 1566 1826 res
1583 1772 1818 1825 deficiunt
1836 1811 1851 1841 ,
1881 1776 2119 1842 pauperis·
2130 1788 2308 1830 sortem
2331 1790 2388 1831 ut
2410 1790 2496 1832 tu·-

406 1860 933 1921 miroressehomines‚
944 1856 1417 1926 quilautevescendo
1486 1858 1664 1907 tion-em
1683 1854 1852 1907 divitis
1869 1867 2002 1909 sorte
2019 1857 2166 1910 lando
2176 1895 2194 1923 ,
2209 1860 2330 1912 dum
2347 1860 2502 1929 (imer-

400 1946 535 1999 bona
551 1960 639 1996 sus
654 1942 910 1996 comedant
922 1949 973 1992 et
984 1948 1288 1991 consumant.
1316 1938 1409 1992 En.
1479 1938 1648 2008 vilia)
1675 1939 1728 1990 in
1748 1938 1836 1991 vili
1853 1950 1904 1991 et
1927 1943 2059 1993 tenui
2077 1944 2208 1995 victu
2229 1962 2308 1997 me
2325 1948 2488 1999 virum

400 2058 471 2070 —-
486 2026 653 2080 mdo.
676 2024 898 2079 Martini.
922 2022 1013 2075 lib.
1033 2022 1187 2084 xm,
1202 2020 1299 2090 Ep.
1322 2030 1407 2083 οι,
1483 2023 1658 2075 fortem
1674 2031 1724 2073 et
1741 2024 2010 2091 sapientem
2025 2038 2201 2096 praesto
2217 2049 2231 2090 3
2255 2032 2340 2082 sed
2359 2031 2488 2085 idem

400 2114 533 2167 inter
552 2129 667 2166 aves
696 2111 845 2165 turdo
874 2110 1085 2178 primam
1104 2108 1294 2175 saporis
1310 2104 1411 2172 glo-
1480 2122 1594 2173 ego,
1620 2106 1666 2157 si
1685 2104 1808 2174 quid
1831 2107 2007 2159 melius
2023 2117 2076 2161 et
2095 2109 2276 2165 lautius
2295 2114 2489 2165 contin-

396 2197 521 2251 rism
547 2196 808 2265 adjudicat.
856 2194 997 2247 Pers.
1028 2190 1131 2243 Sat.
1160 2190 1240 2243 VI
1259 2227 1276 2253 ‚
1304 2200 1369 2241 u
1389 2228 1404 2251 ‚
1478 2190 1582 2256 git,
1607 2188 1734 2241 solos
1751 2206 1832 2241 eos
1859 2189 2024 2243 felices
2041 2194 2250 2260 predico
2267 2233 2282 2261 ‚
2308 2196 2490 2265 quibus

396 2283 594 2336 salivam
634 2277 901 2333 turdorum
934 2274 1182 2330 meminit.
1219 2274 1316 2326 En.
1340 2304 1410 2313 —
1482 2273 1536 2324 in
1556 2270 1672 2324 villa
1689 2272 1893 2343 pulchre
1910 2286 2154 2330 exstructa
2171 2281 2319 2331 vitam
2339 2290 2493 2333 trans-

394 2368 555 2430 υιρένα
569 2402 587 2427 ,
614 2365 720 2418 scil.
748 2364 971 2433 porcaria
989 2400 1005 2429 ‚
1028 2376 1177 2431 quain
1192 2357 1409 2411 Romani
1482 2358 1616 2423 igere
1640 2356 1775 2409 licet.
1793 2386 1862 2397 --
1877 2360 2113 2422 unctius,
2155 2362 2362 2425 lautius,
2393 2384 2488 2433 op-

398 2452 451 2503 in
476 2450 669 2503 deliciis
688 2450 909 2503 ciborum
934 2446 1154 2499 habuere
1174 2480 1191 2510 ,
1214 2458 1414 2512 praeser-
1482 2440 1710 2509 tabilius3
1734 2442 1836 2493 vid.
1863 2444 1926 2494 ad
1947 2445 2298 2511 praecedentem
2323 2448 2484 2515 Epist.

399 2534 493 2586 tim
512 2532 791 2601 eiectitinm.
812 2530 950 2582 Plio.
974 2529 1065 2580 lib.
1088 2528 1189 2593 x1,
1210 2537 1295 2578 37.
1310 2526 1403 2579 En.
1482 2542 1528 2575 v.
1551 2534 1612 2576 Μ
1627 2563 1639 2575 .
1656 2524 1986 2594 -sundcmm
2016 2529 2143 2581 bene
2155 2540 2206 2582 et
2217 2541 2324 2584 tuto
2337 2532 2493 2586 eollo-

477 2626 563 2675 42.
602 2616 863 2669 Nuntium
894 2610 977 2663 hie
1007 2626 1101 2680 ego
1130 2624 1273 2669 sum,
1312 2618 1405 2661 etc.
1478 2616 1589 2659 cata
1606 2608 1658 2659 in
1676 2607 1822 2658 villis
1837 2608 2034 2673 nauis,
2057 2612 2424 2678 pulchritudine
2441 2627 2495 2666 et

400 2700 619 2754 Sem„
653 2696 795 2749 Tali,
825 2694 983 2763 (Ιώ)
1028 2708 1117 2759 ego
1150 2708 1257 2745 aum
1284 2730 1300 2759 ‚
1324 2692 1414 2761 ⁸ait
1484 2689 1646 2748 nitore
1664 2690 1964 2758 conspicuis,
1987 2700 2038 2743 et
2057 2705 2317 2759 proventus
2335 2709 2491 2751 certos

399 2782 635 2837 Horatius
652 2818 669 2843 ,
699 2779 885 2831 Manio
904 2772 1139 2829 nimirum
1158 2812 1173 2839 ,
1192 2774 1330 2845 quod
1350 2773 1413 2824 sd
1484 2772 1832 2825 referentibus.
1859 2772 1952 2824 En.

466 3125 733 3179 Anum.
765 3124 938 3185 Poeta,
958 3123 1193 3175 suadente
1211 3122 1401 3175 medico
1417 3118 1564 3173 Musa
1577 3116 1818 3183 Antonio,
1833 3116 2022 3169 lavandi
2035 3132 2197 3183 causa,
2211 3134 2309 3171 non
2321 3119 2486 3185 Baias,

393 3216 477 3270 sed
495 3214 695 3268 Veliam
714 3222 767 3267 et
783 3210 1043 3265 Salernum
1062 3211 1369 3280 profecturus
1384 3246 1401 3277 ‚
1416 3207 1723 3261 Numoninm
1743 3205 1921 3259 Vulsm
1937 3206 2001 3257 de
2021 3204 2150 3257 aeris
2177 3206 2230 3257 in
2257 3206 2338 3258 his
2357 3207 2487 3260 dno-

394 3305 486 3357 bus
506 3304 702 3373 oppidis
720 3300 979 3373 tmperie,
999 3300 1063 3353 de
1086 3300 1364 3364 hominum,
1381 3300 1469 3369 qui
1494 3299 1568 3350 ibi
1589 3297 1777 3356 vivunt,
1797 3294 2016 3347 moribus
2033 3304 2084 3347 et
2101 3296 2319 3363 ingenio,
2335 3296 2485 3347 deni-

394 3406 493 3458 qne
512 3390 575 3443 de
590 3390 669 3441 via
688 3406 747 3442 eo
760 3389 971 3442 ducente
993 3396 1393 3457 pei-contutan—
1409 3385 1471 3437 In
1488 3385 1581 3436 hac
1597 3382 1742 3454 paulo
1760 3382 2052 3434 incuriosius
2071 3382 2250 3451 scripta
2269 3382 2490 3451 Epistola

394 3494 547 3549 quum
578 3494 804 3546 expressa
833 3476 1084 3531 solutioris
1112 3454 1268 3529 animi
1289 3473 1514 3526 hilaritas
1533 3484 1682 3544 atque
1699 3472 1868 3525 levitas
1887 3510 1902 3537 ,
1927 3480 2029 3522 tum
2054 3471 2270 3540 adspersi
2289 3472 2416 3525 sales
2438 3480 2491 3523 et

396 3564 593 3617 nstims
623 3563 784 3630 jocose
814 3564 1056 3618 dictorum
1093 3562 1233 3630 lepor
1269 3560 1459 3627 egregie
1491 3570 1608 3613 ante
1636 3559 1798 3614 oculos
1831 3567 2018 3626 ponunt
2045 3556 2238 3609 Horatii
2273 3558 2484 3609 indolem

395 3662 543 3723 atque
576 3649 1255 3716 ingenium.—Numonium
1274 3646 1455 3700 valam
1483 3646 1678 3698 Horatii
1712 3643 2031 3695 familiarium
2061 3658 2159 3694 uon
2191 3643 2344 3696 fuisse
2365 3644 2489 3695 ulti-

394 3754 548 3801 mum,
568 3736 692 3789 satis
710 3736 851 3788 docet
868 3737 969 3789 haec
984 3734 1227 3804 Epistola.
1252 3733 1431 3785 Utrum
1456 3749 1574 3785 vero
1599 3732 1750 3792 idem,
1773 3730 1902 3799 quod
1923 3728 2144 3781 nonnulli
2164 3732 2484 3794 contendunt,

390 3825 577 3893 legatus
596 3822 727 3875 Vari
764 3840 795 3875 a
830 3822 1093 3877 Germanis
1116 3822 1228 3875 cosi
1246 3820 1464 3887 (Vellei.
1486 3820 1597 3871 Pac.
1623 3818 1676 3867 11
1691 3854 1706 3881 ,
1732 3816 1852 3883 tto)
1887 3815 2071 3879 fuerit,
2103 3830 2254 3868 necne
2274 3855 2288 3878 ‚
2315 3834 2485 3885 parum

396 3909 617 3979 equidem
642 3926 777 3963 curo.
806 3908 901 3963 En.

540 4092 657 4128 nou.
696 4092 753 4125 n.
876 4082 885 4091 ‘
2117 4092 2202 4135 22
