3000 4684
510 367 689 446 126.

1067 371 1158 461 Q.
1210 373 1636 442 HonA'ru
1687 369 2036 446 FLAcffl

499 508 836 578 Primores
861 506 1095 604 populi
1120 510 1440 605 arripuit,
1468 509 1928 608 populumque
1959 515 2298 609 tributim3

499 624 767 697 Scilicet
794 629 911 697 uni
938 653 1160 723 aequus
1187 630 1452 720 virtuti,
1484 645 1684 725 atquc
1712 631 1770 727 ej
1780 658 1854 702 us
1881 636 2134 705 amicis.

2527 611 2602 718 7o

500 747 682 835 Quin
710 746 829 816 ubi
856 771 926 816 se
951 773 992 816 a
1018 744 1224 842 vulgo
1254 762 1322 817 et
1348 772 1551 817 scena
1579 749 1651 816 in
1680 765 1934 819 secreta
1962 753 2308 825 remdrant

500 866 735 936 Virtus
764 864 1121 960 Scipiadae,
1150 881 1218 936 et
1243 865 1425 936 mitis
1452 867 1778 961 sapientia
1807 865 2005 958 Laeli3

498 984 565 1052 N
567 983 761 1078 ugari
786 1006 940 1054 cum
972 981 1117 1074 illo,
1147 999 1216 1054 et
1244 983 1552 1055 discincti
1579 983 1841 1075 ludere,
1871 984 2088 1056 donec

495 1105 1005 1196 Decoqueretur
1032 1100 1211 1193 olus,
1238 1100 1438 1173 soliti.
1466 1101 1820 1199 Quidquid
1849 1097 1996 1174 sum
2025 1129 2181 1201 ego,
2211 1111 2516 1201 quamvis

495 1219 684 1289 Infra
710 1219 930 1291 Lucili
958 1245 1234 1292 censum
1264 1223 1768 1317 ingeniumque,
1798 1238 2021 1294 tamen
2051 1249 2160 1294 me

2519 1227 2595 1302 75

496 1340 669 1408 Cum
697 1341 958 1436 magnis
986 1341 1225 1411 vixisse
1252 1342 1463 1412 invita
1495 1341 1814 1412 fatebitur
1837 1365 2046 1436 usque

493 1454 791 1548 Invidia,
817 1474 885 1529 et
914 1458 1135 1554 fragili
1162 1485 1464 1554 quaerens
1490 1458 1750 1530 illidere
1777 1458 2049 1530 dentem
2065 1515 2086 1541 ,

494 1637 663 1690 tellum
688 1647 879 1690 tantum
909 1648 961 1690 et
988 1639 1181 1708 Lupum
1198 1678 1215 1706 ,
1256 1641 1344 1692 sed
1378 1639 1503 1693 alios

487 1736 684 1790 quoque
716 1721 982 1790 pn‘moms.
1010 1751 1083 1762 --
1114 1722 1368 1792 am‘puic,
1416 1724 1500 1775 in-

489 1815 699 1857 sectatns
722 1817 830 1873 est,
862 1805 1017 1869 laesit3
1057 1809 1283 1878 arripere
1316 1817 1393 1859 est
1425 1808 1503 1859 fe-

492 1903 575 1950 re,
606 1889 738 1958 quod
770 1890 820 1942 in
844 1909 891 1941 v.
921 1902 1007 1952 77,
1046 1887 1248 1943 {uider-e
1280 1889 1499 1944 dentem.

490 1999 562 2012 ·—-
582 1973 836 2033 m’butrin,
874 1991 964 2042 per
998 1973 1214 2042 singulas
1240 1975 1504 2026 tribus.—

490 2071 694 2129 oequus,
712 2049 897 2124 favens,
913 2058 1132 2126 placidus
1140 2086 1226 2110 .-
1236 2061 1357 2130 ejus
1376 2061 1505 2111 ami-

490 2139 584 2197 cis,
604 2139 803 2191 virtutis
822 2141 1121 2192 amantibus.
1135 2169 1207 2179 —
1221 2159 1255 2192 a
1278 2155 1452 2200 scena,
1472 2158 1503 2193 a

492 2222 685 2275 theatro
718 2223 859 2292 quasi
903 2241 1065 2276 rerum
1103 2224 1408 2292 publicarum
1426 2263 1439 2288 ‚
1474 2243 1506 2277 a

490 2305 599 2358 luce
616 2305 810 2373 publica
824 2344 839 2372 ,
854 2322 889 2357 a
913 2306 1193 2374 frequentia
1209 2307 1467 2359 hominum
1487 2327 1502 2376 ς

490 2387 548 2438 in
572 2401 798 2446 secr-eta,
836 2389 969 2440 intra
1002 2389 1222 2457 privatos
1257 2390 1504 2458 parietes,

488 2471 579 2522 ubi
604 2487 634 2522 a
662 2471 938 2540 frequentia
956 2471 1211 2523 hominum
1233 2471 1408 2523 secreti
1426 2473 1504 2526 vel

487 2555 694 2622 sejuncti
708 2555 915 2606 vivimus
928 2573 943 2622 ς
965 2553 1175 2621 intelligi
1194 2562 1353 2622 potest
1364 2553 1499 2607 villa.

487 2635 858 2708 ——Sctpt’adoe,
885 2637 985 2688 vid.
1010 2635 1073 2689 ad
1098 2647 1147 2688 v.
1177 2647 1273 2688 ¹7:
1300 2655 1326 2684 t<
1346 2635 1505 2689 virtus

486 2719 728 2788 Scipiadae
744 2755 762 2789 ,
786 2739 815 2768 a
858 2719 1003 2772 fortis
1036 2719 1237 2789 Scipi03
1268 2727 1324 2770 ut
1360 2735 1498 2788 supr.

486 2801 587 2856 Od.
614 2803 697 2856 111
712 2840 729 2871 ,
764 2815 826 2857 21
845 2843 861 2872 ,
891 2817 911 2856 ι
926 2817 947 2856 ι
973 2823 985 2855 :
1019 2823 1047 2852 κ
1065 2805 1224 2856 virtus
1246 2803 1450 2858 Catonis
1471 2826 1499 2855 u

420 2943 438 2962 1
487 2898 579 2955 pro
607 2887 717 2956 ipso
736 2885 925 2940 Catone
947 2887 1147 2940 virtutis
1178 2887 1411 2941 studioso.
1430 2917 1506 2929 -—-

485 2971 738 3042 sapientia
766 2969 940 3035 Loelr,
972 2971 1169 3042 sapiens
1199 2972 1402 3024 Laelius.
1430 3001 1497 3012 —

484 3053 717 3126 Nugari,
740 3055 958 3125 pueriles
970 3056 1105 3123 jocos
1127 3057 1351 3120 miscere,
1376 3072 1497 3126 pue-

484 3139 647 3192 riliter
656 3141 834 3208 jocari,
848 3149 907 3193 ut
926 3140 1045 3192 infr.
1064 3139 1229 3208 Epist.
1244 3139 1289 3207 1,
1304 3152 1325 3191 ι
1337 3150 1389 3208 8,
1404 3151 1492 3193 60.

482 3221 820 3285 -ᾰίεσίηεεί,
845 3223 1169 3291 negligentius
1192 3224 1360 3276 vestiti
1377 3224 1497 3276 nul-

484 3305 583 3358 ism
606 3323 775 3359 mnam
798 3316 1042 3374 gerentes,
1060 3306 1137 3360 vel
1162 3306 1418 3369 laxiorem,
1443 3316 1502 3359 ut

482 3388 724 3452 solebant,
743 3391 831 3459 qui
852 3389 915 3441 ad
933 3406 1012 3441 res
1029 3389 1249 3458 publicus
1265 3389 1498 3455 gerendas

483 3487 515 3523 e
532 3473 677 3526 domo
692 3491 791 3526 non
812 3473 1097 3544 prodibant.
1112 3472 1491 3526 Fam—ludere.

480 3557 647 3612 schol.
688 3559 843 3629 Cruq.
888 3578 917 3607 α
942 3557 1109 3628 Scipio
1148 3557 1415 3612 Africanus
1445 3569 1499 3610 et

481 3641 663 3695 Loelius
684 3643 913 3696 feruntur
934 3651 1031 3694 tam
1056 3642 1208 3695 fuisse
1228 3641 1495 3696 familiares

481 3737 533 3778 et
549 3729 695 3781 amici
712 3727 903 3781 Lucilio
920 3767 935 3792 ,
960 3737 1017 3779 ut
1046 3727 1255 3798 quodam
1278 3738 1495 3796 tempore

481 3811 637 3864 Laelio
658 3813 839 3864 circum
864 3813 1012 3866 lectos
1043 3813 1249 3866 triclinii
1282 3811 1494 3878 fugienti

478 3894 703 3946 Lucilius
750 3896 1095 3964 superveniens
1145 3911 1258 3947 eum
1301 3894 1495 3948 obtorta

482 3993 659 4048 mappa
686 3979 828 4048 qussi
864 3979 1103 4032 feriturus
1131 3989 1437 4048 sequeretur.
1464 3999 1492 4028 a»

478 4063 587 4118 Cic.
608 4063 674 4116 do
690 4061 832 4116 Orat.
855 4063 929 4128 11,
952 4072 1015 4113 σε
1043 4082 1072 4110 α
1087 4081 1217 4132 sape
1239 4081 1305 4116 ex
1329 4081 1493 4116 socero

481 4167 591 4203 meo
609 4147 771 4203 audivi
789 4184 805 4216 ,
832 4163 984 4217 quum
1005 4147 1047 4198 is
1066 4139 1249 4200 diceret
1270 4164 1488 4202 socerum

1574 1657 1716 1692 suum
1741 1639 1948 1691 Laelium
1979 1656 2174 1709 semper
2209 1641 2316 1693 sere
2343 1658 2456 1694 cum
2481 1641 2589 1696 sei-

1574 1723 1721 1792 pione
1741 1722 1941 1775 solitum
1966 1723 2214 1790 rusticari,
2237 1741 2417 1795 eosque
2437 1727 2594 1778 incre·

1572 1805 1803 1858 dibiliter
1839 1823 2181 1876 repuerascere
2209 1807 2377 1862 solitos
2398 1849 2412 1872 ,
2439 1828 2590 1880 quum

1575 1907 1660 1942 rus
1679 1907 1742 1942 ex
1761 1887 1910 1954 urbe,
1928 1901 2158 1961 tanquam
2184 1909 2213 1944 e
2234 1893 2447 1945 vinculis
2469 1913 2589 1947 evo-

1574 1973 1824 2027 lavissent.
1841 1973 1957 2027 Nou
1977 1975 2135 2027 audeo
2151 1974 2317 2027 dicere
2335 1977 2398 2028 de
2412 1977 2592 2028 talibus

1573 2057 1693 2109 viris
1716 2077 1730 2122 ;
1771 2057 1858 2110 sed
1903 2067 2064 2109 tamen
2110 2057 2180 2110 ita
2225 2059 2348 2110 solet
2387 2077 2593 2113 narrare

1575 2139 1788 2192 Seaevola
1821 2141 2030 2194 conchas
2059 2159 2141 2194 cos
2164 2151 2214 2191 et
2239 2141 2495 2195 umbilicos
2529 2145 2594 2195 ad

1577 2222 1798 2291 Cajetam
1827 2233 1878 2276 et
1897 2225 1960 2275 ad
1979 2225 2278 2275 Laurentum
2296 2223 2455 2290 legere
2469 2243 2594 2278 con-

1579 2321 1766 2368 suesse,
1786 2306 1920 2358 etad
1944 2321 2137 2359 omnem
2159 2306 2315 2357 animi
2335 2307 2589 2360 remissio-

1576 2404 1691 2439 nem
1717 2387 1986 2458 ludumque
2007 2389 2316 2443 descendere.
2341 2410 2368 2439 ι»
2393 2389 2492 2443 En.
2524 2423 2594 2433 —-

1575 2471 1737 2524 donec
1755 2473 2148 2546 Decoqueoetur
2163 2473 2307 2534 olus,
2331 2475 2486 2528 donec
2505 2495 2594 2546 pa-

1577 2564 1774 2624 raretur
1809 2572 1946 2608 coena
1967 2577 1984 2622 ;
2030 2558 2092 2610 ad
2135 2557 2506 2625 significandum
2544 2573 2596 2616 et

1573 2655 1722 2708 quam
1756 2639 2075 2694 familiariter
2103 2641 2260 2695 Loelio
2291 2653 2343 2696 et
2365 2645 2594 2715 Scipione

1575 2719 1796 2774 Lucilius
1819 2733 2072 2786 uteretur,
2109 2735 2160 2777 et
2183 2733 2380 2796 quant-‘e
2403 2739 2593 2798 tempe-

1575 2805 1748 2855 rantiae
1782 2815 1946 2858 essent
1985 2806 2073 2860 isti
2099 2807 2293 2862 nobiles
2325 2811 2456 2876 viri,
2489 2821 2589 2862 tam

1571 2903 1717 2956 pareo
1738 2888 1872 2940 victu
1893 2893 2133 2943 contenti.
2151 2891 2248 2943 En.
2265 2893 2494 2954 ——3011'112
2516 2911 2586 2946 sc.

1571 2983 1689 3024 sunt
1704 3011 1720 3040 ,
1744 2982 1800 3025 ut
1817 2992 1866 3025 v.
1892 2985 1980 3041 6⁷,
2001 2971 2211 3043 ffmi.
2232 3007 2303 3017 —-
2323 2975 2598 3052 Quidquid

1567 3072 1662 3126 ego
1685 3073 1832 3117 sum,
1867 3058 2341 3130 quantuluscumque
2367 3061 2481 3112 sim.
2515 3091 2586 3102 —

1568 3139 1729 3212 Infra
1751 3139 1938 3192 Lucili
1953 3157 2164 3192 censum
2203 3153 2254 3193 et
2287 3144 2552 3212 ingenium
2568 3179 2586 3202 ‚

1567 3225 1790 3292 quamvis
1807 3223 2029 3275 Lucilius
2060 3239 2140 3276 me
2173 3225 2353 3294 opibus
2372 3235 2423 3276 et
2442 3225 2614 3278 nobi-2

1569 3306 1710 3360 litate
1729 3317 1781 3360 et
1800 3306 2000 3375 ingenio
2021 3311 2347 3377 superaverit.
2372 3309 2590 3362 Lucilius

1571 3389 1725 3452 enim,
1748 3398 1806 3440 ut
1819 3390 1922 3457 jam
1945 3389 2008 3442 ad
2023 3407 2075 3441 v.
2093 3401 2161 3443 20
2182 3390 2478 3458 notavimus,
2493 3409 2589 3444 no-

1569 3471 1662 3525 bili
1679 3489 1856 3540 genere
1877 3474 1990 3525 fuit.
2015 3473 2190 3526 En.—-
2203 3473 2336 3528 Cum
2364 3477 2586 3547 magnis,

1569 3553 1792 3623 Augusto
1807 3594 1821 3619 ,
1843 3555 2116 3609 Maecenate
2135 3567 2188 3609 et
2201 3558 2398 3610 ceteris.
2415 3557 2590 3609 En.—

1549 3637 2016 3714 smgiliquoeoens
2031 3677 2050 3701 ,
2074 3650 2168 3693 etc.
2207 3641 2277 3694 ‘Et
2311 3641 2430 3716 dum
2461 3643 2588 3694 livor

1568 3717 1692 3775 edax
1715 3725 1894 3794 quaerit
1917 3724 2116 3777 dentem
2151 3725 2356 3793 infigere
2384 3729 2437 3778 in
2471 3744 2586 3777 cor-

1567 3825 1687 3876 pore
1738 3807 1882 3861 facile
1926 3807 2184 3862 lacerando
2205 3847 2220 3872 ‚
2263 3811 2486 3862 inveniet
2535 3827 2591 3862 se

1569 3891 1700 3944 nihil
1729 3891 1924 3946 efficere
1950 3894 2164 3963 possein
2182 3911 2385 3964 corpore
2405 3888 2583 3954 solido,

1569 3995 1666 4030 non
1689 3977 1832 4030 facile
1851 3977 2225 4048 perfringendo.
2254 3979 2475 4032 Videtur
2504 3981 2588 4031 hic

1569 4061 1803 4115 Horatius
1844 4061 2088 4131 respicere
2127 4061 2343 4115 fabulam
2382 4062 2446 4114 de
2477 4080 2592 4115 ser-

1565 4158 1711 4216 pente
1728 4187 1743 4216 ,
1779 4149 1866 4218 qui
1887 4187 1900 4211 ‚
1933 4163 2080 4216 quum
2112 4149 2160 4197 in
2185 4148 2431 4201 officinam
2455 4148 2586 4200 fabri
