3000 4684
696 415 807 484 IN.
857 413 1431 483 EPISTOLAM
1481 413 1617 480 AD
1666 412 2104 482 PISONES.
2310 411 2445 484 563

372 548 471 617 tis3
504 545 579 602 ita
608 557 673 603 ut
700 547 891 604 locum
925 547 1001 603 sic
1030 544 1408 602 constituam:
1441 568 1464 594 α
1487 543 1734 600 Paniatae
1771 546 2034 601 Graecum
2067 545 2325 603 habitum
2358 547 2448 604 se—

368 655 594 712 rentes3
630 644 865 719 Togatae
899 642 1063 716 juxta
1114 640 1361 698 formam
1410 658 1825 715 personarum,
1877 642 2136 699 habitum
2192 654 2456 719 togarum

368 738 776 806 desiderantes,
809 755 955 812 quas
988 736 1257 791 nonnulli
1284 735 1650 790 tabernarias
1671 750 1900 792 vocant.
1922 761 1945 787 υ
1979 738 2236 812 Namque
2265 739 2324 795 id
2351 739 2454 796 do-
2479 799 2486 806 ,

368 835 485 891 cuit
517 835 671 910 ipse,
699 851 873 908 quem
900 831 1025 890 fuse
1052 832 1320 902 tractavi,
1354 829 1650 888 Diomedis
1681 849 1884 889 error:
1923 857 1947 886 ιι
1967 835 2212 910 ‘rogatas
2234 845 2419 894 autem
2437 875 2455 904 ‚

368 949 549 1005 quum
575 931 648 988 sit
673 929 937 1005 generale
968 946 1182 1002 nomen
1199 965 1216 995 ,
1244 927 1562 1002 specialiter
1594 939 1780 1004 tamen
1812 947 1924 1004 pro
1958 930 2320 988 Taberuariis
2337 951 2460 989 non

368 1027 547 1085 modo
589 1026 907 1085 communis
949 1043 1123 1083 error
1158 1033 1428 1099 usurpat,
1457 1023 1562 1098 qui
1597 1023 1820 1081 Afranii
1843 1027 2098 1102 ,Togatas
2132 1029 2420 1105 appellant
2437 1071 2456 1098 ‚

370 1125 473 1184 sed
494 1135 551 1183 et
568 1133 766 1202 poetae.
787 1147 815 1176 ν
842 1125 1101 1200 Apparet
1123 1121 1467 1180 Diomedem
1494 1121 1682 1197 ipsum
1713 1123 1862 1179 inter
1893 1123 2021 1181 illos
2051 1143 2192 1196 esse,
2216 1127 2317 1202 qui
2343 1129 2458 1184 To·-

366 1237 539 1304 gata-s
567 1223 657 1304 (id
687 1235 769 1283 est
799 1225 1150 1292 Coenoedias‚
1180 1224 1390 1280 latim?
1415 1224 1798 1299 conscriptas,
1820 1237 2156 1300 argumento
2177 1225 2455 1296 Romano,

370 1323 479 1380 sed
502 1343 621 1380 non
652 1323 955 1382 vilioribus
980 1323 1249 1399 personis
1287 1321 1610 1396 per-macas
1625 1360 1646 1389 ,
1685 1320 2010 1395 cujusmodi
2045 1335 2210 1378 erant
2243 1321 2464 1381 Afranii

369 1419 611 1500 fabulae)
645 1421 1027 1478 Tuber-uarias
1053 1417 1321 1477 dicendas
1352 1435 1469 1476 esse
1498 1417 1839 1475 censuerint.
1863 1421 1982 1476 Nec
2011 1423 2254 1478 mirum:
2281 1441 2462 1498 quum

379 1521 633 1595 Togata-5
658 1535 783 1578 uon
809 1537 921 1594 pro
956 1519 1267 1576 Comoediis
1300 1517 1357 1572 in
1386 1517 1571 1591 specie
1587 1557 1603 1584 ‚
1633 1517 1730 1574 sed
1760 1537 1870 1593 pro
1897 1521 2098 1594 quavis
2106 1519 2326 1591 fabula
2343 1523 2461 1578 110-

370 1637 551 1674 mana
592 1617 688 1674 ille
727 1617 1021 1692 acciperet.
1064 1613 1138 1670 Et
1174 1615 1372 1690 plures
1404 1613 1639 1670 fortasse
1671 1633 1704 1670 e
1731 1615 1954 1690 populo
1981 1615 2242 1686 fuerunt,
2275 1619 2378 1693 qui
2404 1619 2462 1673 iu

372 1715 639 1772 eumdem
666 1731 927 1770 errorem
954 1712 1305 1770 inciderent:
1327 1729 1533 1767 verum
1556 1729 1588 1766 e
1615 1711 2013 1787 scriptoribus,
2042 1726 2108 1771 ut
2134 1714 2279 1785 dixi,
2303 1736 2457 1791 prae-

372 1823 461 1870 ter
486 1813 741 1879 Festum,
768 1811 842 1867 de
861 1827 978 1884 qno
1008 1821 1195 1865 tamen
1214 1828 1336 1866 non
1355 1819 1597 1877 constat,
1620 1808 1815 1864 nullus
1842 1821 1939 1865 est.
1965 1811 2058 1867 Ad
2084 1811 2223 1869 alios
2251 1815 2459 1870 Gram-

375 1910 609 1967 maticos
633 1925 953 1984 pergamus.
991 1907 1260 1977 Quorum
1282 1907 1596 1962 Evauthius
1615 1907 1874 1981 quidem,
1903 1907 2018 1964 sive
2046 1909 2238 1984 potius
2264 1912 2456 1970 incer-

376 2019 465 2066 tus
504 2005 739 2082 quidam
780 2005 853 2064 de
888 2004 1192 2081 Tragoedia
1233 2016 1291 2062 et
1325 2005 1618 2062 Comoedia
1635 2045 1650 2072 ,
1679 2005 1961 2060 Palliatas
1993 2005 2207 2078 omisit,
2244 2011 2378 2084 quia
2415 2010 2459 2066 is

376 2123 583 2181 nempe
628 2115 847 2160 tantum
888 2101 963 2158 de
1005 2101 1211 2158 fabulis
1251 2101 1498 2159 Romani
1539 2101 1864 2176 argumenti
1904 2102 2126 2160 locutus
2161 2115 2256 2161 est.
2299 2105 2461 2162 Idem

377 2220 519 2262 vero
548 2203 805 2278 Togata-s
828 2198 965 2256 dicit
989 2215 1031 2254 a
1056 2199 1297 2254 scenicis
1320 2209 1497 2274 atque
1528 2199 1884 2274 argumentis
1901 2197 2137 2256 Latituk.
2156 2201 2301 2260 Vide
2323 2221 2459 2260 rur-

377 2319 503 2356 sum
534 2317 609 2354 an
635 2297 844 2355 rectius
874 2295 1101 2372 legatur
1135 2313 1167 2350 a
1196 2295 1449 2350 scenicis.
1466 2305 1640 2352 ‘roms'
1659 2307 1831 2372 atque
1849 2299 2200 2372 argumentis
2219 2297 2460 2358 Latinis.

454 2397 717 2468 Denique
754 2396 1013 2451 Donatus
1046 2403 1245 2449 noster
1258 2432 1275 2460 ‚
1314 2410 1461 2467 saepe
1490 2391 1588 2449 ille
1617 2388 1888 2468 allegatus
1902 2433 1918 2462 ,
1948 2396 2011 2449 in
2040 2393 2459 2455 Commentario

378 2493 463 2548 ad
479 2489 806 2565 Adelphos.-
830 2489 1043 2564 «Apud
1060 2490 1293 2546 Latinos
1301 2489 1559 2562 sabula.-
1591 2490 1755 2564 cujus
1783 2493 1991 2572 species
2023 2504 2188 2552 sunt:
2217 2497 2458 2572 ngoe-

378 2587 503 2658 dia,
532 2587 1201 2663 &maulim—Togata,
1233 2587 1611 2654 Tuber-uarias
1622 2587 2018 2656 —Proetexta,
2052 2591 2459 2668 Crepidata3*

376 2683 1530 2758 Auellana3-Mtxttie--Rbinthonicm
1553 2709 1578 2736 n
1609 2686 1700 2744 Sic
1733 2685 1853 2741 dixi
1878 2685 2342 2762 distinguendum
2375 2695 2460 2750 vi-

377 2789 540 2848 deri:
578 2807 745 2870 nunc·
762 2785 908 2844 illud
935 2785 1109 2856 addo,
1144 2785 1430 2857 excidisse,
1457 2785 1568 2842 nisi
1602 2784 1792 2852 fallor,
1814 2783 2191 2841 Palliaearum
2217 2807 2428 2847 nomen
2441 2833 2457 2858 ‚

378 2887 537 2964 quod
560 2903 691 2944 cum
726 2885 945 2961 Togata
977 2895 1035 2940 et
1069 2882 1422 2940 Tabe-maria
1444 2881 1808 2958 jungendum
1837 2892 1974 2938 erat.
2017 2883 2212 2953 Quare
2247 2904 2382 2962 ego,
2412 2889 2458 2944 si

379 2983 617 3042 Codices
642 2981 893 3052 faveant,
920 2981 1126 3040 lubens
1158 2981 1518 3038 restituerim.

456 3081 799 3157 Comparata
835 3076 985 3138 inter
1026 3097 1083 3137 se
1122 3081 1540 3156 plerorumque
1582 3080 2100 3138 Grammaticorum
2136 3083 2242 3140 hac
2283 3083 2356 3142 de
2393 3105 2457 3144 re

378 3175 665 3246 doctrina,
695 3185 871 3234 restat
892 3185 985 3246 ut,
1012 3175 1305 3234 coronidis
1331 3177 1491 3247 loco,
1521 3173 1728 3234 addam
1757 3195 1938 3252 pauca
1964 3177 2037 3235 de
2069 3179 2322 3254 epitheto
2351 3189 2458 3264 ἀρ-

381 3283 577 3353 χαίαν,
605 3275 766 3351 qnod
800 3275 1152 3349 'rogantum
1190 3285 1557 3353 argumente,
1601 3277 1881 3344 ὑποθέσει,
1916 3277 2110 3352 Lydus
2141 3277 2357 3336 tribuit.
2392 3281 2460 3337 Id

380 3375 557 3431 credo
595 3393 727 3431 eum
765 3391 1099 3449 usurpasse,
1134 3383 1256 3430 tum
1292 3375 1429 3449 quia
1460 3374 1691 3430 Mimica
1719 3393 1841 3444 ars,
1874 3393 2000 3450 quae
2027 3377 2146 3433 sola
2179 3377 2251 3434 ad
2287 3379 2460 3455 ipsius

381 3484 643 3548 tempora
666 3483 883 3530 servata
910 3483 1061 3542 erat,
1090 3473 1209 3547 ipsa
1237 3489 1471 3548 quoque
1497 3473 1826 3530 Romanum
1851 3492 1996 3550 saepe
2017 3473 2253 3532 haberet
2283 3496 2461 3552 argu-

382 3581 671 3638 mentum,
712 3569 811 3627 sed
839 3567 985 3627 illud
1024 3587 1249 3639 recens,
1290 3577 1409 3626 tum
1452 3570 1585 3644 quia
1622 3569 1729 3644 ipsi
1768 3570 1844 3627 sic
1882 3571 2188 3645 praeivisset
2218 3573 2463 3631 Serenus

382 3671 800 3741 Sammonicus,
828 3671 889 3728 C.
911 3671 1075 3742 LIX,
1096 3689 1149 3726 v.
1179 3671 1362 3737 1043:
1450 3717 1457 3725 .

632 3846 867 3894 Protei-ea
886 3843 926 3894 si
948 3843 1071 3894 forte
1096 3845 1269 3913 premit
1290 3843 1405 3896 strix
1428 3854 1534 3896 atra
1559 3845 1760 3912 puellos,

632 3933 805 3984 virosa
828 3932 1110 4000 immulgens
1135 3934 1329 3985 exsertis
1352 3935 1502 3985 ubera
1524 3931 1697 3992 labris:

634 4021 762 4074 Auia
788 4023 1017 4091 precepit
1038 4022 1191 4075 Titini
1218 4023 1455 4075 sententia
1480 4023 1628 4086 necti,

634 4113 733 4180 Qui
758 4115 905 4166 ‘mter-i
930 4115 1077 4168 ciat-as
1091 4116 1333 4184 expressit
1355 4131 1481 4166 more
1505 4125 1704 4183 togatas.

2067 4199 2181 4272 36·
