3000 4684
714 432 826 502 IN
876 432 1451 499 EPISTOLAM
1498 432 1636 503 AD
1683 430 2126 501 PISONES.
2330 427 2470 527 519

378 564 657 640 ampullas
678 574 733 620 et
753 561 1139 639 sequipedalia
1158 560 1351 619 verba.
1365 569 1391 613 i·
1416 562 1489 617 In
1506 560 1617 615 hac
1635 572 1790 618 certe
1809 560 2172 620 distinctione
2200 562 2473 638 ngicus

378 674 463 719 est
490 662 609 741 ipse
634 664 809 719 Poeta
826 681 843 731 3
870 673 926 719 et
952 662 1031 719 sic
1050 672 1284 720 enarrat
1302 659 1646 718 scholiastes
1661 658 1908 733 Cruquii
1919 696 1936 728 ,
1955 658 2216 733 Scn'ptor
2232 660 2472 734 Tragoe-

380 762 623 816 diarum.
658 759 837 835 Atqui
874 760 1065 835 inepte
1092 758 1375 835 quispiam
1408 756 1651 831 dixerit,
1679 758 1916 827 Poetam
1943 755 2004 811 in
2032 754 2334 830 Tragoedia
2359 755 2475 813 do·-

381 859 533 927 lere3
579 858 794 935 quippe
830 858 933 933 qui
966 876 1265 933 nunquam
1297 875 1368 914 ex
1408 874 1658 933 persona
1693 874 1794 913 sua
1833 854 2110 929 loquitur.
2141 854 2300 911 Vidit
2327 854 2441 911 hoc
2455 894 2472 923 ,

382 965 448 1011 ut
475 955 705 1031 opinor,
724 957 811 1011 Cl.
836 955 1165 1015 Dacierius:
1188 955 1483 1013 etidcirco
1505 966 1762 1012 actorem
1782 953 1877 1014 hic
1901 953 2334 1029 interpretatur,
2355 970 2477 1012 non

382 1054 737 1128 scriptorem.
782 1053 977 1124 Livius
1002 1054 1239 1129 quidem
1261 1052 1600 1113 Aristonem
1629 1051 1938 1126 quemdam
1973 1051 2278 1127 ngicum
2308 1062 2476 1109 acto-

385 1168 505 1205 rem
531 1161 841 1221 memorat;
866 1166 1069 1207 verum
1092 1168 1266 1207 nemo
1284 1161 1544 1208 actorem
1561 1147 1824 1219 absolute
1853 1148 2158 1223 Tragicum
2177 1147 2350 1217 dixit,
2377 1147 2480 1205 sed

394 1249 757 1323 ngoedum.
793 1250 886 1305 Tu
917 1248 1046 1325 lege
1078 1260 1134 1307 et
1166 1248 1481 1325 distingue,
1521 1272 1546 1299 α
1574 1248 1648 1306 Et
1678 1248 1928 1324 tragicus
1955 1248 2300 1323 plerumque
2325 1248 2486 1305 dolet

386 1359 650 1399 sermone
674 1343 927 1417 pedestri
950 1343 1241 1420 Telephus
1262 1355 1365 1398 am
1388 1342 1620 1399 Peleus:
1642 1362 1824 1417 quum
1841 1361 2064 1418 pauper
2077 1354 2134 1399 et
2150 1343 2310 1399 exsul
2327 1353 2484 1399 uter-

388 1455 502 1512 que
518 1478 535 1507 ,
572 1438 815 1512 Projicit
848 1439 1133 1516 ampullas
1168 1450 1224 1496 et
1260 1439 1674 1515 sesquipedalia
1706 1440 1901 1500 verba.
1927 1465 1951 1491 n
1981 1439 2098 1497 Ubi
2133 1441 2484 1500 constructio

389 1544 471 1590 est
484 1574 503 1603 ,
546 1535 827 1611 Tragieus
870 1535 1187 1611 Telephus,
1220 1547 1321 1592 aut
1362 1536 1638 1612 Tragicus
1669 1536 1876 1592 Peleus
1905 1537 2250 1611 plerumque
2279 1536 2488 1595 humili

390 1646 655 1685 sermone
682 1629 857 1687 dolet.
888 1632 1098 1689 Noster
1130 1634 1315 1689 Serm.
1345 1633 1431 1699 11,
1461 1630 1524 1700 5,
1546 1650 1599 1687 v.
1630 1652 1734 1707 91:
1771 1657 1796 1683 α
1823 1633 2021 1699 Davus
2051 1633 2133 1687 sis
2161 1630 2432 1689 comicus.
2459 1658 2482 1683 ι

394 1726 594 1782 Cicero
614 1727 676 1782 in
701 1728 992 1799 Pisonem,
1017 1748 1067 1788 c.
1098 1750 1207 1787 20:
1234 1755 1259 1781 α
1278 1731 1403 1807 Ego
1426 1740 1483 1787 te
1511 1749 1636 1787 non
1663 1730 1972 1806 vecordem
1989 1770 2006 1799 ,
2027 1748 2152 1785 non
2175 1728 2488 1800 furiosum,

393 1841 514 1878 non
546 1834 734 1880 mente
762 1836 993 1901 captum
1009 1867 1026 1895 ,
1056 1845 1180 1883 non
1220 1828 1439 1905 tragico
1478 1828 1579 1883 illo
1621 1826 1822 1885 Oreste
1852 1838 1958 1892 aut
1981 1826 2342 1883 Athamante
2376 1826 2486 1883 de-

394 1921 735 1977 mentiorem
762 1924 999 2001 putem?
1032 1950 1059 1973 »ι
1085 1924 1365 1999 Apuleius
1390 1925 1450 1981 in
1478 1924 1796 2001 Apologia:
1823 1950 1846 1975 n
1868 1926 2232 1999 Quamquam
2259 1925 2490 1981 teterri-

395 2034 555 2070 mum
592 2034 657 2072 os
692 2026 855 2073 tuum
894 2019 1126 2093 minime
1165 2039 1199 2075 a
1236 2018 1485 2092 Thyesta
1515 2020 1738 2096 tragico
1769 2018 2060 2088 demutet3
2087 2042 2112 2069 ιο
2146 2018 2248 2077 ubi
2271 2017 2490 2075 frustra

394 2122 555 2181 sunt,
574 2110 677 2186 qui
711 2114 931 2189 Thespi
950 2126 1049 2170 aut
1074 2114 1230 2171 aliud
1256 2114 1449 2171 nescio
1472 2112 1616 2193 quid
1635 2126 1947 2189 reponunt.
1970 2116 2064 2171 Ita
2083 2113 2316 2173 Comici
2328 2116 2493 2185 servi,

402 2207 625 2265 Comici
649 2229 845 2279 senes,
877 2212 1035 2289 apud
1062 2212 1346 2269 Plautum.
1372 2213 1712 2288 Propertius
1729 2214 1829 2282 lV,
1863 2210 1926 2283 5,
1953 2230 2010 2268 v.
2043 2217 2154 2279 44:
2180 2236 2206 2262 α
2225 2212 2338 2269 Sed
2369 2231 2490 2287 po·-

397 2305 505 2363 tius
545 2306 749 2363 mundi
786 2308 961 2366 Thais
996 2309 1247 2386 pretiosa
1278 2310 1619 2378 Menandri,
1643 2312 1838 2379 Quum
1865 2298 2002 2365 ferit
2030 2318 2244 2372 astutos
2271 2310 2496 2367 comica

398 2402 624 2461 moeeha
643 2405 832 2481 Getas.
854 2422 879 2453 »ε
905 2405 1161 2464 Caecilius
1180 2406 1451 2482 Epiclero
1471 2406 1632 2481 apud
1648 2405 1988 2465 Ciceronem
2007 2404 2070 2469 in
2092 2404 2269 2461 Laelio
2281 2442 2298 2474 ,
2318 2422 2368 2461 e.
2391 2405 2496 2463 26:

363 2528 369 2534 ·
402 2528 426 2552 κ
447 2502 636 2559 Hodie
661 2522 753 2560 me
776 2514 909 2564 ante
934 2524 1133 2581 omnes
1152 2506 1406 2563 comioes
1430 2507 1635 2568 stultos
1659 2524 1828 2575 senes
1850 2502 2114 2563 versaris
2139 2514 2312 2578 atque
2342 2503 2498 2561 luse—

402 2601 481 2657 ris
518 2601 843 2659 lautissime.
871 2626 899 2653 a·
943 2603 1063 2659 Ubi
1100 2622 1213 2677 pro
1256 2605 1463 2659 luseris
1503 2603 1793 2667 Palatinus
1835 2603 2064 2677 primus
2103 2601 2290 2662 codex
2325 2602 2502 2659 hahet

404 2696 638 2751 unxeris
652 2715 671 2749 .·
694 2694 852 2752 unde
873 2697 1107 2771 corrigo
1134 2696 1461 2763 certissime,
1484 2697 1780 2757 «Versaris
1803 2708 1978 2769 atque
2003 2696 2342 2765 emunxeaeis
2369 2696 2501 2753 lau-

405 2792 630 2851 tissime.
660 2816 687 2841 n
716 2793 907 2863 Litera
938 2812 997 2849 m
1030 2792 1263 2868 virgula
1300 2803 1524 2863 tantum
1553 2805 1804 2867 superne
1841 2792 2192 2861 notabatur,
2219 2812 2253 2849 e
2283 2812 2316 2848 a
2343 2812 2498 2867 pra:-

406 2894 641 2956 cedente
667 2892 1127 2965 absorbebatur:
1176 2890 1336 2949 vides
1366 2889 1503 2952 iude
1527 2888 1724 2952 mendi
1755 2889 1982 2947 initium
2015 2899 2075 2949 et
2113 2906 2502 2963 progressum.

406 2995 583 3049 Recte
616 2990 792 3067 igitur
826 2990 985 3065 apud
1008 2990 1285 3045 Nostrum
1318 2985 1752 3059 conjunximus,
1785 2986 2064 3059 ngicus
2097 2983 2417 3059 Telephus:
2447 2997 2507 3043 et

408 3088 689 3167 agnoscis,
712 3086 917 3157 credo,
934 3086 1243 3163 pulchram
1259 3084 1712 3162 oppositionem,
1733 3083 1796 3139 in
1817 3080 2118 3137 Comoedia
2140 3081 2320 3140 iratus
2335 3080 2504 3139 Chre-

406 3204 533 3243 mes
554 3186 805 3255 tumido,
834 3186 895 3243 in
922 3183 1201 3261 tragoedia
1226 3183 1514 3259 Telephus
1533 3190 1756 3259 pauper
1776 3181 1986 3255 humili
2013 3198 2278 3240 sermone
2303 3180 2504 3239 utitur.

411 3285 533 3344 Aut
564 3302 707 3342 vero
741 3302 857 3359 pro
893 3294 953 3339 et
980 3282 1319 3341 adscivimus
1332 3320 1351 3349 ,
1378 3278 1658 3345 sententia
1681 3278 1924 3352 jubente
1937 3316 1956 3348 ,
1984 3276 2116 3336 licet
2143 3276 2400 3335 abnuant
2423 3275 2502 3333 li·-

410 3382 629 3439 brarii:
662 3382 743 3441 sic
768 3381 919 3441 infra
945 3400 999 3437 v.
1032 3384 1178 3446 1010:
1208 3404 1233 3431 «
1254 3378 1516 3454 Telephe
1541 3380 1644 3435 vel
1669 3376 1925 3446 Peleu31v
1960 3386 2018 3435 et
2044 3373 2274 3443 Cicero,
2299 3384 2368 3431 ut
2383 3373 2504 3448 jam

413 3479 632 3570 vidisti,
655 3504 682 3533 α
700 3482 903 3541 Oreste
926 3490 1033 3537 aut
1052 3477 1414 3537 Athamante.
1436 3502 1461 3529 υ
1489 3478 1706 3537 Burs.

1004 3744 1331 3807 Excunsns
1357 3744 1513 3819 vll,
1548 3760 1723 3805 vers.
1771 3739 1913 3838 ¹²⁰:

668 3900 962 3987 scriptor,
990 3898 1353 3979 honoratum
1381 3898 1442 3960 si
1448 3893 1620 3985 soree
1650 3893 1898 3981 reponis
1930 3891 2266 3955 Achillem.

500 4068 807 4129 Videamus
832 4068 1027 4127 locum
1052 4069 1370 4145 integrum:
1396 4093 1421 4118 «ι
1440 4069 1560 4125 Aut
1586 4064 1794 4121 famam
1820 4078 2088 4137 sequere,
2111 4070 2218 4119 aut
2243 4058 2350 4119 sibi
2368 4078 2514 4121 con·

425 4166 705 4229 venientia
742 4164 923 4243 finge,
964 4165 1227 4242 Scriptor
1240 4204 1259 4237 ,
1292 4166 1636 4223 bonomium
1667 4162 1716 4221 si
1744 4161 1896 4221 forte
1927 4157 2165 4237 reponis
2203 4158 2515 4229 Achillem3

2123 4252 2242 4325 33⁴
