3000 4684
493 397 638 481 440
1242 392 1844 462 PROOEMIUM

487 543 714 632 chylus
735 543 1115 622 traduxerit,
1134 558 1202 606 et
1215 565 1342 629 qua
1356 545 1616 608 ratione
1636 565 1715 608 ex
1740 544 1973 608 veteris
1988 542 2325 631 tragoediae
2342 541 2584 624 choro,

485 651 912 737 obscenisque
945 649 1308 726 cantilenis,
1333 651 1723 738 Satyrorum
1748 649 1943 716 ludus
1966 665 2151 716 ortus
2180 651 2291 716 sit.
2320 652 2393 716 Si
2418 655 2589 717 Poe·

487 759 684 823 ticam
713 761 942 822 Artem
979 758 1503 845 componendam
1542 758 1846 823 Horatius
1876 760 2289 848 suscepisset,
2318 759 2587 852 minime

486 869 785 956 profecto
823 868 1182 956 intelligam
1203 913 1220 944 ‚
1257 890 1375 934 cur
1405 869 1516 934 isti
1542 868 2021 934 levissimorum
2046 887 2322 957 operum
2356 869 2585 957 generi

489 978 730 1043 diutius
779 998 976 1064 quam
1032 977 1364 1042 comoediae
1417 977 1831 1063 tragoedioe’ve
1882 979 2291 1044 immoretur.
2340 981 2585 1046 Verum

489 1087 604 1175 qui
644 1087 809 1152 nihil
849 1087 1176 1173 agendum
1216 1087 1579 1175 specialiter
1614 1088 1989 1174 profitetur,
2030 1087 2085 1152 is
2122 1087 2301 1153 omni
2337 1088 2587 1153 solutus

490 1195 706 1261 officio
751 1194 1124 1260 dimittitur.
1181 1199 1402 1280 Quum
1448 1207 1667 1258 ratum
1718 1194 2186 1282 definitumque
2235 1199 2473 1260 Noster
2516 1196 2587 1260 in

488 1321 712 1371 mente
743 1304 980 1370 habeat
997 1351 1016 1384 ,
1049 1327 1182 1391 quo
1209 1304 1406 1369 scribi
1433 1303 1636 1368 modo
1663 1303 1953 1370 debeant
1974 1305 2226 1392 Satyri,
2252 1323 2473 1369 secum
2496 1319 2589 1368 at„

494 1417 738 1481 tentius
783 1415 1156 1508 considerat
1173 1461 1190 1490 ,
1235 1437 1369 1502 quo
1413 1437 1556 1478 rem
1590 1415 1729 1502 ipse
1770 1431 1965 1502 pacto
1994 1413 2485 1503 aggrederetur,
2532 1413 2587 1480 si

491 1545 782 1610 unquam
807 1537 1086 1586 tractare
1105 1522 1298 1586 vellet
1317 1547 1336 1597 3
1363 1537 1432 1586 et
1453 1521 1693 1588 diutius
1716 1523 1795 1587 iis
1822 1523 2029 1587 haeret
2052 1525 2585 1612 cogitationibus,

489 1629 666 1696 haud
697 1651 880 1694 secus
909 1651 986 1692 ac
1017 1629 1069 1692 si
1095 1649 1314 1692 comes
1345 1651 1484 1692 non
1516 1627 1795 1694 adesset.
1822 1631 1957 1694 Nec
1992 1628 2375 1709 diffitemur,
2400 1631 2593 1717 quid-

493 1736 652 1824 quid
675 1735 971 1800 edisserit
999 1735 1082 1800 de
1111 1752 1418 1801 sermone
1449 1735 1587 1799 istis
1618 1735 1929 1823 operibus
1952 1735 2231 1823 aptiori,
2268 1739 2589 1824 optimum

492 1847 1031 1932 utilissimumque
1055 1843 1198 1909 fore
1225 1845 1370 1908 viro
1395 1843 1663 1909 cuilibet
1690 1851 2009 1910 emunctae
2034 1847 2233 1926 naris,
2260 1844 2381 1910 tale
2404 1845 2589 1933 quid-

491 1954 666 2043 piam
701 1954 1063 2041 scripturo:
1109 1952 1270 2039 quid
1304 1973 1468 2016 vero
1510 1950 1807 2016 utilitatis
1836 1952 2065 2036 juveni
2104 1953 2457 2040 Calpurnio
2486 1975 2595 2018 re-

494 2062 788 2130 dundare
811 2077 1097 2151 poterat,
1117 2061 1172 2126 si
1197 2061 1400 2126 fusius
1421 2061 1504 2126 de
1525 2059 1779 2147 Satyris
1804 2060 2062 2148 agendo
2082 2083 2281 2128 omne
2308 2062 2591 2127 imitata

496 2193 644 2235 rum
669 2191 930 2235 servum
953 2189 1154 2256 pecus
1179 2169 1248 2232 in
1269 2167 1803 2254 desperationem
1826 2165 2192 2264 adduxisset
2206 2169 2235 2229 Ρ

581 2279 726 2341 Jam
775 2291 990 2342 autem
1031 2281 1458 2356 Nostersfere
1506 2274 1977 2354 stomachatur,
2024 2290 2284 2362 tamque
2328 2276 2549 2364 lepide
2572 2327 2597 2358 ,

497 2408 690 2474 quam
723 2387 882 2450 salse
919 2385 1267 2473 pessimum
1309 2405 1637 2472 quemque
1676 2385 2061 2472 scriptorem
2100 2385 2154 2449 it
2190 2385 2587 2454 lacessitum.

494 2497 620 2558 Eos
651 2495 822 2559 enim
849 2494 933 2558 ab
962 2495 1068 2558 iis:
1105 2495 1328 2562 «velut
1349 2495 1556 2560 innati
1586 2495 1813 2572 triviiS,
1839 2510 1967 2560 etc.
1994 2524 2027 2554 ι»
2062 2493 2149 2560 ad
2178 2495 2317 2560 haec
2350 2519 2593 2586 usque:

505 2603 816 2690 «Syllaba
849 2603 1078 2691 longa,
1107 2619 1235 2669 etc.
1266 2632 1296 2662 n
1335 2603 1500 2668 adeo
1536 2587 1809 2683 lacerat,
1844 2622 1919 2670 ut
1952 2606 2219 2670 miseros
2256 2607 2329 2672 in
2370 2624 2599 2694 poetas

497 2737 696 2779 nemo
725 2737 1014 2802 unquam
1040 2714 1276 2779 acriori
1303 2713 1559 2800 flagello
1588 2713 1977 2793 desaevierit.
2017 2720 2167 2782 Mox
2188 2717 2273 2782 ad
2292 2741 2593 2784 versuum

495 2824 810 2890 facturam
836 2825 1031 2903 redit,
1055 2839 1124 2890 et
1141 2825 1420 2912 maligne
1441 2821 1769 2911 discipulis
1786 2825 1939 2905 suis,
1963 2849 2337 2914 quanquam
2353 2831 2592 2917 poetis,

499 2933 774 3021 explicat
787 2981 804 3012 ,
840 2933 1074 3021 quibus
1103 2931 1358 3018 syllabis
1383 2946 1635 2996 constet
1664 2931 1915 2996 iambus
1930 2981 1951 3011 ,
1988 2933 2167 3020 quod
2201 2957 2353 3000 sane
2384 2935 2599 3022 paeda-

499 3065 722 3132 gogus.
747 3065 860 3108 eos
889 3041 1284 3129 jampridem
1331 3041 1571 3108 dooere
1620 3041 1847 3107 debuit
1875 3067 1893 3106 z
1944 3043 2218 3109 subinde
2267 3067 2401 3110 non
2456 3045 2605 3110 sine⁴

503 3151 780 3238 quadam
808 3150 1252 3236 indignatione
1281 3153 1609 3215 Romanos
1638 3149 2097 3238 reprehendit,
2136 3152 2311 3240 quod
2338 3154 2607 3219 aurium·

491 3261 739 3345 judicio
765 3275 1053 3338 careant,
1089 3275 1154 3324 et
1183 3275 1434 3326 veteres
1453 3275 1679 3346 poetas
1697 3260 1869 3326 ultra
1897 3261 2163 3328 modum
2192 3261 2450 3328 laudent
2474 3264 2599 3328 mi·

502 3385 856 3456 renturque
880 3415 898 3446 ,
941 3367 1326 3453 veniamque
1367 3369 1577 3453 poetis
1616 3368 1943 3434 immerito
1986 3370 2349 3436 concedant
2372 3415 2391 3450 ,
2434 3391 2605 3458 quos

509 3507 540 3538 α
560 3476 838 3544 offendit
867 3477 1037 3542 limae
1073 3475 1260 3541 labor
1295 3490 1362 3541 et
1390 3499 1577 3542 mora
1594 3503 1655 3542 »t
1696 3501 1841 3543 eam
1868 3477 2132 3544 demum
2158 3501 2409 3546 causam
2432 3501 2595 3559 esse,

505 3612 622 3654 cur
642 3587 916 3654 Romani
943 3587 1013 3652 in
1035 3587 1265 3673 quovis
1281 3609 1845 3675 generepoeseos,
1872 3611 1949 3654 ac
1974 3590 2333 3676 prasertim
2358 3590 2607 3655 drama-

501 3698 632 3763 tico
651 3746 668 3777 ,
699 3699 966 3763 Groecos
985 3743 1002 3776 ,
1045 3717 1326 3783 quorum
1357 3719 1617 3785 semper
1642 3699 1925 3786 vestigiis
1944 3699 2237 3764 institere
2256 3747 2277 3778 ,
2312 3721 2447 3766 non
2476 3701 2599 3764 nisi

505 3807 704 3895 longo
727 3821 1080 3894 sequantur
1103 3807 1468 3874 intervallo.

587 3915 732 3977 Hoc
751 3915 928 3978 enim
950 3914 1408 4000 praestantioris
1423 3915 1617 4002 longe
1640 3937 1717 3980 ae
1741 3931 2197 3982 consummatas
2212 3916 2369 3982 artis
2390 3931 2599 4004 putat,

501 4021 550 4081 si
583 4039 748 4101 opus
777 4021 856 4085 sit
891 4020 1508 4118 emendatissimum,
1539 4040 1605 4090 et
1626 4028 1899 4110 juvenes
1930 4025 2194 4091 Pisones
2220 4025 2399 4112 quasi
2426 4025 2611 4092 obte-
