3000 4684
740 383 853 452 IN
906 381 1481 451 EPISTOLAM
1533 385 1668 451 AD
1720 385 2156 457 PISONES.
2360 388 2486 459 511

400 520 563 576 hune
596 517 891 595 prioribus
922 518 1484 606 possisoconnectere.
1515 521 1828 576 Senserunt
1853 521 1966 576 hoc
1993 519 2340 598 interpretes
2364 528 2500 602 qui-

402 620 535 675 dam
564 632 620 675 et
639 635 847 694 nuper,
870 627 925 674 et
942 618 1113 674 olim:
1144 619 1299 676 unde
1326 618 1490 674 inviti
1513 619 1646 675 licet
1671 625 1728 676 et
1745 621 1923 676 coacti
1950 638 2022 676 eo
2048 622 2279 680 demum
2302 639 2499 682 recur-

402 727 639 784 rerunt,
664 727 729 771 ut
756 716 1040 790 integrum
1070 714 1209 792 hinc
1238 723 1592 790 praeceptum
1621 713 1941 772 fumarent
1971 727 2027 772 et
2053 717 2362 788 cuderent,
2388 739 2498 797 per

401 833 463 870 se
485 825 766 880 constans,
788 822 844 869 et
864 831 897 867 a
920 812 1157 886 reliquis
1182 811 1449 868 omnibus
1469 811 1803 868 abscissum:
1829 838 1852 862 «ε
1873 813 1998 870 Hoc
2015 826 2188 885 amet,
2203 816 2316 873 hoc
2335 833 2498 894 sper-

402 923 503 968 nat
520 911 783 987 promissi
808 909 1075 967 carminis
1094 915 1313 967 auctor.
1328 934 1352 956 n
1373 911 1458 966 Ita
1484 919 1642 967 certe
1661 909 1894 968 Servius
1911 912 1986 967 ad
2006 913 2222 989 Georg.
2245 915 2322 983 ΙΙ,
2349 921 2404 984 4,
2427 916 2462 972 5
2477 939 2494 974 :

404 1035 428 1060 «
448 1009 551 1065 Me
565 1027 707 1067 vero
727 1009 983 1084 primum
1006 1006 1201 1064 dulces
1222 1019 1353 1064 ante
1376 1007 1568 1063 omnia
1589 1009 1798 1078 Musae,
1819 1031 1843 1059 n
1871 1025 2031 1066 sunm
2053 1027 2360 1086 personam
2381 1031 2496 1088 pro

403 1126 769 1182 quocumque
807 1105 1011 1180 ponit:
1050 1105 1128 1161 sic
1167 1105 1369 1179 paullo
1405 1115 1575 1179 post:
1607 1129 1631 1154 σ
1652 1107 1812 1160 Rura
1849 1105 1994 1160 mihi
2029 1107 2304 1181 placeant,
2329 1131 2356 1158 ιο
2381 1127 2494 1184 pro

404 1206 645 1262 cuilibet.
680 1201 771 1262 Sic
804 1201 863 1260 in
893 1203 1125 1278 primo:
1161 1224 1185 1253 α
1210 1204 1343 1258 Non
1374 1201 1473 1258 illa
1508 1201 1812 1277 quisquam
1846 1219 1940 1259 me
1973 1215 2142 1260 nocte
2175 1223 2282 1280 per
2319 1207 2496 1262 altum

401 1302 512 1359 Ire.
534 1323 559 1353 υ
590 1300 658 1357 In
692 1301 897 1357 tertio:
921 1323 946 1351 α
967 1301 1055 1356 Ne
1087 1297 1235 1354 mihi
1253 1309 1393 1353 tunc
1420 1298 1624 1354 molles
1643 1299 1752 1355 suh
1773 1299 1912 1355 divo
1937 1317 2176 1375 carpere
2201 1317 2498 1359 somnos:-

401 1397 476 1455 Et
496 1399 613 1456 hoc
640 1411 723 1456 at
754 1399 915 1473 quod
948 1396 1085 1454 dicit
1108 1395 1389 1452 Horatius
1421 1396 1479 1451 in
1511 1399 1652 1452 Arte
1677 1397 1933 1467 Poetica,
1965 1422 1989 1448 ιι
2007 1397 2136 1456 noc
2169 1411 2350 1468 amet,
2383 1400 2498 1457 hoc

402 1493 635 1570 spernat
664 1491 931 1569 promissi
962 1491 1231 1549 carminib
1251 1503 1471 1547 auctor.
1496 1513 1521 1540 ι»
1548 1491 1624 1547 Et
1647 1492 1721 1547 ad
1739 1493 1872 1549 AEn.
1897 1493 1996 1555 lv,
2017 1499 2156 1558 [ητις
2182 1517 2208 1547 ιι
2225 1495 2498 1570 Improbe

401 1607 585 1660 amor,
603 1593 745 1666 quid
764 1611 883 1648 non
899 1593 974 1647 !...
992 1617 1015 1643 υ
1036 1589 1391 1648 Exclamatio
1412 1610 1445 1646 a
1458 1603 1643 1664 poeta
1659 1602 1865 1648 contra
1883 1609 2172 1661 amor-erm
2199 1606 2255 1650 et
2277 1593 2394 1650 hoc
2413 1607 2497 1650 est

403 1689 563 1763 quod
598 1689 871 1747 Horatius
905 1689 1072 1758 dicit,
1112 1713 1136 1740 α
1160 1690 1287 1743 Hoc
1314 1699 1495 1756 amet,
1535 1697 1640 1744 etc.
1671 1710 1696 1737 υ
1723 1689 1795 1744 Et
1825 1690 1898 1745 ad
1923 1707 1980 1745 v.
2020 1689 2172 1756 415:
2209 1715 2233 1740 a
2263 1692 2494 1748 Frustra

401 1787 683 1846 moritura
700 1831 716 1858 ,
740 1813 763 1840 n
790 1789 1001 1846 frustra
1018 1830 1033 1857 ,
1064 1807 1135 1846 ex
1159 1788 1387 1862 judicio
1408 1795 1608 1862 poecoe
1634 1788 1848 1844 dictum
1875 1801 1988 1858 est,
2011 1802 2078 1846 ut
2103 1791 2304 1846 Horat.
2327 1813 2349 1840 α
2371 1791 2496 1846 Hoc

400 1897 579 1955 amet,
613 1897 717 1944 etc.
741 1911 766 1938 n
810 1887 969 1962 Ergo
1007 1903 1081 1946 ex
1116 1886 1300 1944 Servii
1329 1885 1604 1945 sententia
1645 1885 1762 1942 hoc
1802 1884 2062 1962 praecipit
2093 1887 2396 1954 Horatius,
2429 1896 2496 1940 ut

398 1995 568 2061 poeta
608 2001 1029 2059 nonnunquam
1066 2001 1136 2040 ex
1167 2001 1411 2059 persona
1456 2001 1558 2040 sua
1601 1985 1907 2058 loquatur,
1940 2001 2000 2041 se
2029 1985 2206 2042 rebus
2232 1985 2492 2041 intermi-

398 2091 578 2151 sceat,
614 2099 781 2138 suum
807 2080 1090 2155 judicium
1112 2082 1458 2157 interponat.
1480 2079 1686 2150 Vides,
1715 2099 1836 2155 quo
1861 2083 2126 2140 redactus
2144 2083 2244 2151 sit,
2272 2093 2340 2138 ut
2361 2099 2495 2138 sen-

397 2195 523 2238 sum
552 2179 803 2254 aliquem
830 2177 1189 2235 extunderet.
1218 2177 1365 2234 Nam
1397 2178 1662 2254 profecto
1689 2197 1877 2253 neque
1909 2199 1980 2236 ex
2006 2180 2098 2238 his
2121 2179 2316 2236 verbis
2339 2197 2492 2255 prae-

394 2289 625 2354 ceptum
664 2275 811 2334 illud
851 2275 1172 2346 enascitur3
1214 2273 1359 2332 nihil
1398 2277 1589 2333 minus
1609 2298 1627 2332 t
1671 2293 1860 2352 neque
1895 2279 2195 2352 quisquam
2233 2295 2404 2334 sanus
2433 2275 2494 2330 id

396 2377 709 2452 generatim
746 2374 1020 2450 praecepti
1053 2374 1185 2430 loco
1224 2371 1539 2429 tradiderit.
1573 2373 1730 2444 Quid
1769 2375 1921 2430 enim
1953 2375 2014 2430 in
2053 2374 2334 2432 comoedia
2363 2385 2490 2429 tra·-

396 2473 653 2550 goediave
673 2473 774 2531 fiet
788 2516 805 2544 ‚
824 2473 927 2530 uhi
948 2489 1267 2548 numquam
1282 2481 1455 2549 poeta
1475 2491 1538 2528 se
1561 2473 1944 2530 intermiscet?
1965 2476 2118 2544 Quin
2148 2485 2204 2531 et
2229 2474 2290 2530 in
2311 2472 2492 2547 Epico

394 2571 649 2627 carmine
668 2571 903 2646 aliisque
926 2565 1055 2627 fieri
1073 2569 1311 2646 quidem
1327 2579 1546 2644 potest3
1573 2571 1806 2646 praecipi
1823 2569 1931 2627 nisi
1954 2571 2232 2628 inutiliter
2249 2582 2308 2628 et
2321 2570 2492 2627 smlte

396 2689 518 2726 non
546 2680 747 2746 potest.
785 2671 1075 2728 Deserunt
1101 2671 1293 2744 itaque
1321 2669 1588 2726 Servium
1615 2671 1992 2737 recentiores,
2015 2681 2072 2727 et
2089 2673 2372 2726 delectum
2395 2689 2490 2724 re·

396 2783 523 2821 rum
546 2763 801 2842 ipsarum
822 2765 917 2824 hic
932 2765 1290 2842 intelligunt,
1313 2766 1439 2820 Hoc
1459 2765 1798 2831 amandum,
1829 2764 1940 2821 hoc
1961 2767 2342 2838 spernendum
2371 2779 2490 2832 est,
2575 2805 2578 2810 -

395 2858 555 2918 aliud
584 2863 983 2938 probandum,
1012 2863 1172 2918 aliud
1202 2860 1594 2934 rejiciendum.
1618 2861 1930 2916 Enimvero
1955 2877 2088 2916 cum
2116 2861 2348 2916 Chaerea
2379 2879 2486 2916 ex-

392 2957 639 3016 clamare
674 2959 843 3030 libet,
866 2985 907 3036 ,ιι
938 2959 1101 3016 Dixti
1132 2959 1381 3034 pulchre
1400 2977 1419 3014 t
1456 2971 1774 3030 numquam
1805 2955 1926 3012 vidi
1956 2957 2164 3012 melius
2189 2957 2491 3012 consilium

394 3053 539 3111 dari.
562 3079 587 3106 n
607 3055 731 3113 Hoc
751 3065 977 3124 amato,
1006 3058 1214 3131 inquit,
1238 3053 1349 3112 hoc
1369 3054 1626 3130 sper-nito
1639 3072 1660 3110 .·
1681 3071 1754 3110 an
1775 3065 1838 3110 tu
1861 3053 1924 3109 in
1937 3049 2188 3122 Poenica,
2205 3065 2273 3110 ut
2295 3053 2494 3129 singu-

394 3155 513 3212 lare
536 3153 837 3230 quiddam,
856 3171 1057 3213 mones
1071 3196 1088 3225 ,
1109 3155 1272 3231 quod
1300 3155 1359 3210 in
1390 3151 1660 3212 omnibus
1679 3154 1921 3229 negotiis
1935 3193 1952 3222 ,
1977 3154 2040 3208 in
2066 3153 2226 3210 omni
2243 3154 2374 3208 vitae
2393 3169 2492 3228 ge-

390 3269 530 3311 nere
566 3253 927 3312 notissimum
968 3265 1083 3324 est,
1123 3253 1384 3329 quaedam
1424 3253 1696 3329 fugienda
1730 3267 1846 3310 esse
1863 3291 1880 3321 ,
1914 3253 2174 3327 quaedam
2209 3251 2490 3327 petenda?

390 3375 417 3401 α
440 3346 567 3408 Hoc
580 3351 813 3422 facito:
848 3363 1002 3409 recte
1038 3371 1191 3408 sane.
1218 3351 1560 3427 Hoesugito
1583 3371 1596 3406 t
1627 3351 1848 3408 callide.
1871 3375 1894 3402 υ
1925 3352 2082 3421 Quin
2119 3363 2178 3406 et
2209 3351 2272 3405 in
2295 3349 2488 3406 culina

388 3463 555 3522 aeque
591 3468 657 3507 ae
698 3451 757 3507 in
794 3441 960 3508 libris
995 3449 1195 3507 locum
1228 3449 1441 3507 hahete
1480 3471 1506 3502 ιι
1526 3451 1652 3507 Hoc
1693 3451 1902 3508 salsum
1933 3463 2046 3518 est,
2083 3451 2198 3506 hoc
2223 3445 2488 3506 adustum

390 3539 505 3614 est,
526 3543 641 3603 hoc
663 3547 883 3605 lautum
907 3559 991 3606 ωε
1012 3563 1253 3625 parum:
1284 3547 1439 3605 Illud
1460 3559 1616 3606 recte
1647 3563 1764 3606 est:
1793 3551 2003 3607 iterum
2031 3551 2108 3606 sie
2135 3559 2440 3605 memento.
2463 3573 2488 3598 ι

388 3645 581 3704 Multo
612 3648 821 3705 scilicet
855 3647 1147 3708 doctiores
1179 3659 1237 3708 et
1269 3649 1343 3707 ad
1368 3649 1660 3708 Poeticam
1685 3651 2084 3708 instructiores
2111 3649 2488 3716 discutimu,

386 3745 503 3803 hoc
530 3765 743 3802 arcano
771 3759 1060 3826 praecepto
1090 3750 1297 3808 onusti.
1328 3751 1407 3806 At
1432 3764 1623 3824 nuper
1657 3747 1743 3804 cl.
1787 3749 2084 3806 Dacierius
2102 3789 2117 3818 ‚
2157 3749 2258 3823 qui
2295 3749 2490 3804 locunt

386 3845 547 3902 hunc
575 3855 708 3901 aute
734 3863 863 3903 suas
887 3847 1066 3908 Notas
1087 3844 1490 3905 difficillimum
1519 3859 1576 3904 et
1605 3847 2072 3904 obscurissimum
2104 3847 2274 3902 fuisse
2299 3843 2489 3902 conii-

386 3956 569 4012 tetur,
598 3943 675 4002 sic
704 3944 951 4020 pulchre
978 3967 1102 4005 rem
1130 3946 1405 4024 expedire
1446 3943 1554 4002 sibi
1587 3946 1738 4002 visus
1771 3957 1884 4016 est,
1914 3963 2095 4020 quum
2129 3945 2202 4001 ita
2227 3955 2490 4012 enarrat,

384 4049 619 4114 spernat
641 4036 755 4096 hoc
770 4081 790 4109 ,
816 4044 919 4098 vel
946 4041 1122 4111 illud,
1166 4057 1357 4117 neque
1390 4042 1582 4098 omnia
1609 4041 1938 4118 singillatim
1978 4051 2324 4115 exequatur,
2363 4057 2491 4114 qua!

386 4135 600 4206 quovis
638 4135 817 4194 modo
858 4135 919 4194 in
966 4147 1375 4212 argumentum
1416 4148 1472 4194 et
1513 4139 1904 4195 narrationem
1945 4137 2218 4194 incidunt.
2265 4137 2488 4193 Novam
