3000 4684
1039 312 1411 385 ,SATIRAE
1455 313 1931 384 ROMANAE.
2435 343 2520 387 xv

431 448 576 523 bus
609 472 872 521 novam
913 462 1171 521 novata
1204 447 1573 524 scribendi
1612 449 1889 531 ratione
1926 450 2227 545 gratiam
2266 454 2515 525 conci-

305 594 310 602 ’
431 568 668 659 liavit,
701 582 784 639 ut
807 568 936 664 qui
963 567 1280 665 antiquae
1309 565 1697 642 Comoediae
1734 571 1997 642 Graecae
2032 566 2517 641 characterem

433 686 733 783 propius
763 686 1160 783 exprimere
1191 684 1536 759 voluerit:
1570 685 1779 780 cujus
1816 685 2215 760 admodum
2245 687 2515 785 imper-

431 802 614 875 fecta
651 828 738 875 ex
775 805 1008 901 prisca
1049 803 1302 875 Latina
1346 802 1574 875 Satira
1614 799 1865 881 haberi
1906 816 2188 899 poterat
2219 802 2513 895 notitia,

429 918 642 1017 quale
663 919 944 991 scilicet
970 918 1231 991 faceret
1257 942 1547 992 carmen
1565 970 1586 1008 ,
1620 916 1822 1013 quod
1852 916 2004 989 sola
2030 934 2283 991 natura
2310 918 2517 991 dicti-

429 1051 728 1129 taverat,
761 1052 1150 1134 antequam
1179 1036 1443 1133 injecta
1473 1049 1663 1109 esset
1684 1036 2029 1110 Romanis
2046 1040 2329 1107 Graecos
2356 1035 2515 1107 imi-

429 1152 674 1247 tandi,
709 1178 1112 1251 eorumque
1159 1153 1412 1253 spoliis
1451 1176 1529 1225 se
1567 1152 2104 1249 locupletandi,
2149 1153 2511 1249 cogitatio,

429 1277 526 1344 Ex
558 1273 828 1370 quibus
857 1272 1062 1347 facile
1087 1272 1397 1367 intelligi
1425 1286 1665 1370 potest
1698 1269 1880 1343 illud
1905 1272 2219 1364 Horatii,
2245 1274 2387 1343 Sat.
2420 1276 2511 1363 11,

427 1414 476 1478 1,
493 1384 706 1459 62-3:
725 1416 863 1459 α...
881 1388 1136 1483 ‚Quid‚
1155 1414 1383 1486 quum
1412 1402 1520 1461 est
1538 1388 1854 1461 Lucilius
1880 1412 2099 1461 ausus
2126 1387 2407 1459 Primus
2432 1388 2508 1461 iu

424 1502 626 1577 hunc
659 1506 900 1604 operis
927 1530 1374 1603 componere
1404 1505 1721 1580 carmina
1753 1505 2072 1577 morem?
2098 1534 2135 1572 n
2170 1503 2332 1577 Noli
2368 1529 2507 1604 pu·

426 1636 573 1692 tare
607 1624 988 1695 Horatium
1020 1620 1338 1695 voluisse
1373 1620 1643 1712 dicere,
1679 1620 1913 1698 nullas
1949 1636 2117 1693 ante
2152 1620 2507 1693 Lucilium

424 1740 686 1811 Satiras
719 1740 984 1813 factas:
1028 1765 1256 1837 quum
1295 1739 1655 1814 Lucilium
1694 1739 2190 1837 praecesserint
2229 1738 2512 1813 Ennius

424 1870 502 1927 et
531 1858 918 1947 Pacuvius,
949 1881 1262 1955 quorum
1297 1856 1414 1931 ille
1446 1855 1863 1955 exemplum
1886 1870 2235 1955 sequutus
2262 1868 2396 1927 est.
2426 1854 2511 1929 ld

425 1970 668 2044 solum
705 1971 968 2065 voluit,
1003 1973 1359 2048 Lucilium
1397 1997 1673 2059 novam,
1705 1973 1961 2045 faciem
1998 1971 2173 2045 huic
2207 1972 2514 2045 carmini

419 2090 782 2183 induisse,
828 2091 1030 2190 quod
1073 2092 1499 2193 perpolivit,
1548 2107 1621 2163 et
1663 2107 2045 2191 propterea
2088 2116 2225 2190 pro
2268 2091 2513 2189 primo

421 2208 626 2303 quasi
675 2224 971 2282 auctore
1018 2208 1470 2284 habendum.
1518 2214 1608 2287 ln
1644 2210 1909 2288 eadem
1960 2210 2097 2298 suit
2147 2212 2507 2285 sententia

419 2325 948 2417 Quintilianus,
1002 2324 1132 2399 lib.
1175 2332 1278 2419 X,
1323 2350 1480 2425 cap.
1525 2352 1603 2397 1:
1651 2357 1690 2395 ι(
1732 2328 1959 2402 Satira
2008 2316 2309 2425 quidem
2360 2342 2513 2403 tota

419 2456 666 2513 nostra
695 2458 840 2532 est,
875 2443 951 2515 in
987 2468 1130 2542 qua
1167 2445 1450 2542 primus
1484 2444 1843 2541 insignem
1881 2444 2173 2518 laudem
2202 2446 2509 2545 adeptus

420 2575 526 2631 est
554 2560 893 2635 Lucilius.
919 2593 954 2629 >2
985 2566 1170 2637 Cave
1191 2562 1316 2637 hio
1341 2562 1655 2662 pedibus
1680 2564 1758 2637 in
1786 2564 2195 2637 Casauboni
2218 2579 2513 2637 senten·-

419 2678 592 2751 tiam
619 2704 772 2771 eas,
807 2682 936 2778 qui
974 2681 1350 2756 Diomedis
1387 2680 1533 2758 fide
1575 2680 1835 2773 fretus,
1874 2682 2094 2758 Ennii
2137 2697 2213 2753 et
2250 2682 2509 2757 Lucilii

415 2795 682 2868 satiras
701 2811 856 2869 toto
877 2822 1140 2893 genere
1165 2798 1549 2874 dissentire
1570 2798 2093 2876 credidit.Vide
2109 2802 2264 2897 ipsa
2286 2823 2512 2895 gram-

414 2914 659 2987 matici
686 2916 924 3007 verba,
943 2941 1106 3013 quae
1131 2915 1414 2991 subacti
1435 2916 1698 3013 Judicii
1726 2916 2058 2989 criticum
2084 2917 2159 2985 in
2186 2940 2505 2989 errorem

415 3032 860 3104 induxerunt
887 3060 907 3103 ε
932 3064 965 3099 «
989 3034 1215 3105 Satira
1243 3050 1351 3107 est
1380 3056 1669 3107 carmen
1696 3031 1895 3130 apud
1921 3036 2288 3105 Romanos
2299 3085 2319 3123 ,
2346 3056 2499 3105 non

409 3148 708 3247 quidem
753 3150 950 3248 apud
990 3154 1276 3223 Graecos
1297 3203 1320 3238 ,
1359 3148 1835 3240 maledicum,
1882 3162 1956 3222 et
2002 3147 2097 3221 ad
2142 3147 2503 3247 carpenda

408 3266 796 3351 hominum
834 3267 1042 3359 vitia,
1073 3265 1394 3341 archaeae
1435 3264 1813 3339 comoediae
1846 3263 2254 3339 charactere
2296 3290 2499 3349 com-

299 3412 306 3422 ’
408 3384 770 3481 positum,
803 3381 1016 3480 quale
1057 3382 1506 3481 scripserunt
1538 3380 1896 3474 Lucilius,
1928 3395 2001 3455 et
2028 3381 2398 3473 Horatius,
2426 3396 2501 3453 et

409 3503 714 3573 Persius.
745 3501 893 3574 Sed
916 3501 1098 3577 olim
1119 3526 1444 3591 carmen,
1469 3500 1673 3599 quod
1692 3526 1779 3572 ex
1803 3500 2017 3573 variis
2040 3498 2501 3597 poematibus

403 3618 816 3711 constabat,
851 3620 1079 3691 Satira
1117 3617 1513 3710 dicebatur,
1556 3617 1767 3716 quale
1802 3618 2247 3715 seripserunt
2277 3622 2500 3689 Pacu-

405 3738 566 3807 vius
601 3751 675 3809 et
707 3738 1012 3810 Ennius.
1033 3766 1069 3807 n
1103 3740 1416 3836 Apparet
1439 3735 1873 3812 Diomedem
1901 3734 2343 3831 distinguere
2368 3738 2495 3807 Sa·

406 3854 616 3927 tiram
641 3853 920 3947 Lucilii,
946 3853 1042 3927 ab
1061 3878 1144 3929 ea
1171 3878 1393 3951 quam
1419 3852 1707 3951 scripsit
1728 3853 2077 3927 Pacuvius
2094 3866 2167 3925 et
2185 3851 2494 3925 Ennius.
