3000 4684
964 411 1096 479 DE
1141 409 1390 478 ARTE
1437 409 1891 478 ΡοΕΤιοΑ.
2330 405 2473 494 443

385 580 563 630 certe
591 562 922 651 ingenium
950 539 1246 626 doctrina
1269 560 1555 626 felicius!
1592 563 1901 626 Ceterum
1932 579 2069 623 non
2098 558 2309 645 quivis
2338 573 2471 623 tam

384 691 642 736 severus
659 717 676 748 ,
709 691 903 757 quam
930 669 1236 734 Horatius
1253 713 1273 744 ‚
1297 669 1655 732 carminum
1672 666 1901 752 judex.
1926 667 2133 732 Amici
2168 669 2295 732 mei
2331 669 2475 734 baec

383 803 652 868 poeseos
686 778 1052 844 rudimenta
1093 777 1574 866 probaverunt3
1618 776 1855 864 quibus
1898 790 2075 840 certe
2116 774 2226 840 hic
2264 793 2329 841 et
2366 777 2475 843 ille

385 891 564 956 locus
577 889 843 978 placuit,
867 917 896 948 n
922 904 1050 954 etc.
1074 886 1316 952 Omnia
1340 886 1448 951 illa
1467 886 1703 974 quibus
1721 885 2174 950 labefactatum
2188 885 2475 952 animum

385 1016 581 1088 poeta
615 1000 930 1064 firmasset
946 1047 964 1078 ‚
1007 999 1238 1064 sensim
1273 1011 1655 1084 argumenta
1696 995 1989 1062 confutat
2021 994 2322 1060 Horatius
2338 1043 2357 1075 ,
2406 1011 2478 1060 et

385 1106 514 1172 hoc
539 1106 802 1195 quidem
830 1107 1138 1193 exquisita
1163 1105 1551 1174 urbanitate.
1590 1107 1797 1168 Immo
1836 1104 2029 1168 etiam
2062 1104 2300 1191 probat
2335 1126 2475 1171 non

376 1216 604 1302 juveni
642 1213 1156 1282 erubescendum
1191 1237 1327 1281 esse
1362 1213 1543 1303 quod
1569 1235 1781 1279 musas
1804 1212 2063 1302 diligat3
2094 1213 2211 1279 sed
2228 1213 2473 1278 nullam

385 1328 652 1392 omnino
699 1327 870 1393 viam
913 1325 1223 1414 relinquit
1241 1371 1262 1406 ‚
1306 1347 1438 1412 qua
1471 1323 1683 1391 valeat
1724 1323 2033 1413 effugere.
2084 1327 2181 1388 Ne
2222 1324 2472 1390 minimi

373 1436 648 1523 ‚quidem
671 1435 974 1502 carminis
1011 1433 1342 1501 condendi
1373 1433 1701 1500 licentiam
1726 1434 1849 1522 ipsi
1869 1433 2195 1500 concedit.
2226 1437 2473 1524 Nempe

384 1543 456 1609 id
473 1543 564 1609 illi
572 1544 916 1631 judicium,
941 1566 1018 1610 ea
1035 1566 1247 1624 mens,
1271 1559 1346 1610 ut
1365 1543 1549 1608 malis
1562 1545 1972 1610 annumerari
1988 1545 2199 1634 poetis
2210 1544 2475 1610 minime

385 1653 564 1720 velit.
588 1657 676 1719 At
707 1655 762 1719 si
795 1654 956 1741 quid
985 1670 1204 1720 tamen
1228 1653 1387 1720 olim
1411 1654 1769 1743 scripturus
1796 1654 1879 1719 sit
1892 1701 1913 1734 ,
1936 1675 2347 1742 summopere
2372 1675 2475 1720 ca-

387 1778 538 1828 veat
561 1784 596 1827 a
623 1763 1040 1829 mendacibus
1066 1764 1306 1844 amicis,
1333 1765 1445 1853 qui
1465 1785 1801 1851 nunquam
1820 1761 2085 1829 defuere
2116 1777 2323 1850 poetae
2344 1763 2479 1828 cui·

389 1870 548 1936 libet
570 1899 600 1930 ι
620 1872 788 1960 agris
815 1871 998 1938 diviti
1027 1887 1096 1936 et
1115 1872 1394 1938 nummis
1421 1872 1492 1936 in
1514 1872 1767 1937 foenore
1791 1871 2035 1959 positis.
2055 1899 2087 1930 n
2106 1869 2479 1936 Severiores

381 1975 634 2061 jndices
659 1979 948 2044 consulat
973 2001 1232 2045 necesse
1263 1995 1359 2045 est
1374 2027 1395 2058 ,
1433 1996 1502 2044 et
1528 1971 1693 2067 opus
1724 2003 1909 2046 suum
1936 2001 2174 2046 novem
2200 1979 2385 2043 annis
2404 1979 2477 2043 in

387 2087 636 2154 scriniis
675 2089 1032 2177 repositum
1074 2090 1248 2155 intus
1285 2105 1532 2169 servet,
1573 2112 1661 2155 ne
1702 2087 2092 2156 emendandi
2130 2090 2347 2179 operis
2371 2093 2479 2176 jus

390 2198 575 2264 citius
606 2199 880 2264 amittat.
920 2200 990 2265 Si
1031 2199 1132 2265 vel
1166 2199 1504 2266 minimum
1540 2199 1931 2281 attenderis,
1970 2221 2163 2288 quam
2188 2199 2481 2286 impense

387 2309 690 2374 Horatius
721 2311 1036 2395 juvenem
1075 2309 1352 2374 amicum
1386 2327 1649 2376 moneat
1681 2308 1765 2376 de
1798 2309 1920 2377 illis
1944 2309 2475 2386 assentatoribus,

387 2418 489 2482 vel
527 2415 922 2484 derisoribus
937 2467 957 2499 ,
994 2443 1422 2508 severumque
1451 2419 1767 2506 judicium
1801 2419 1983 2487 adire
2014 2421 2277 2508 jubeat,
2317 2440 2479 2507 quo-

389 2527 508 2592 ties
531 2529 718 2593 novis
752 2551 1009 2615 semper
1039 2531 1439 2616 argumentis
1477 2531 1561 2595 ad
1601 2531 1991 2598 emendandi
2029 2532 2479 2598 necessitatem

388 2632 644 2713 redeat,
668 2634 852 2700 facile
873 2637 1190 2724 intelliges
1214 2639 1555 2704 Horatium
1581 2641 1836 2706 nonita
1856 2641 2026 2706 bene
2059 2640 2143 2705 de
2170 2640 2267 2706 sui
2296 2640 2479 2704 Piso-

391 2743 492 2807 nis
536 2741 800 2830 ingenio
843 2743 1137 2808 sensisse.
1176 2747 1322 2808 Non
1360 2745 1534 2808 enim
1570 2744 1677 2810 ille
1716 2760 1847 2810 tam
1876 2745 2141 2811 sollicite
2176 2745 2483 2811 admone·

393 2868 500 2918 tur
517 2901 536 2931 ‚
575 2851 688 2940 qui
732 2851 815 2916 sit
856 2851 1104 2916 eximiae
1149 2851 1287 2939 spei
1329 2851 1741 2927 adolescens3
1794 2874 2011 2940 neque
2046 2851 2137 2916 de
2169 2853 2485 2937 juvenum

392 2961 620 3046 majori
662 2960 731 3024 in
775 2959 972 3024 totius
1015 2957 1207 3046 hujus
1247 2959 1531 3047 epistoloe
1577 2974 1888 3025 contextu
1930 2963 2163 3025 Noster
2198 2983 2489 3047 unquam

392 3071 630 3150 innuit,
655 3069 778 3135 sibi
801 3090 1104 3158 magnam
1129 3071 1262 3136 esse
1292 3091 1475 3158 spem
1502 3069 1573 3134 in
1611 3067 2093 3135 adolescentulo
2115 3069 2375 3149 Pisone,
2400 3069 2487 3135 de

393 3205 526 3270 quo
578 3179 741 3247 nihil
789 3179 926 3246 fere
971 3179 1148 3245 aliud
1165 3227 1184 3260 ,
1231 3181 1354 3246 nisi
1408 3195 1727 3268 quantum
1777 3179 1960 3245 famoe
2014 3179 2365 3244 discrimen
2417 3179 2487 3244 in

393 3291 737 3358 scribendo
773 3305 938 3364 esset
969 3290 1292 3356 aditurusz
1337 3293 1518 3378 cujus
1558 3290 1897 3357 dedecoris
1926 3307 2175 3356 metum
2209 3305 2283 3356 ut
2318 3288 2489 3354 illius

393 3403 614 3468 animo
633 3403 910 3472 vividius
927 3401 1228 3482 incutiat,
1255 3402 1458 3468 malos
1482 3417 1709 3491 poetas
1726 3449 1745 3483 ,
1785 3401 2075 3468 finiendo
2100 3417 2231 3466 tam
2256 3401 2487 3467 misere

394 3511 592 3575 habet
609 3557 628 3592 ,
679 3527 764 3604 ut·
794 3512 946 3578 Piso
989 3510 1314 3577 sanandus
1361 3513 1631 3578 omnino
1674 3534 1814 3577 non
1847 3511 2066 3577 fuisset
2084 3557 2105 3590 ,
2146 3511 2201 3576 si
2238 3509 2361 3575 hac
2403 3509 2488 3575 ad

393 3621 618 3684 Artem
643 3619 971 3684 Poeticam
994 3619 1478 3686 introductione
1506 3620 1813 3710 perlecta,
1839 3620 2057 3685 locum
2084 3620 2155 3685 in
2171 3617 2485 3684 Helieone

396 3727 702 3816 deinceps
725 3727 1032 3794 affectare
1060 3744 1551 3818 perseverasset.

481 3837 744 3904 Utinam
767 3835 928 3900 illud
950 3837 1201 3902 Horatii
1227 3838 1613 3925 opusculum
1634 3886 1651 3917 ,
1678 3837 1859 3926 quod
1880 3860 2057 3904 nunc
2080 3839 2490 3926 explanatum

399 3943 680 4024 edimus,
722 3943 1158 4010 adolescentes
1175 3989 1194 4024 ‚
1237 3945 1290 4009 si
1335 3945 1448 4032 qui
1492 3945 1623 4011 sint
1662 3943 1877 4011 adbuc
1920 3945 2175 4011 Pisonis
2212 3945 2448 4012 similes
2467 3995 2484 4025 ,

401 4051 628 4118 eodem
671 4053 868 4120 modo
906 4053 1174 4121 afficiat!
1226 4054 1486 4121 Scilicet
1522 4055 1807 4146 optimus
1846 4057 1901 4122 is
1939 4079 2016 4122 ex
2052 4055 2175 4124 hac
2200 4055 2489 4147 Epistola
