3000 4684
1093 369 1280 436 ΜΒ.
1333 370 1396 457 1,
1451 368 1746 439 EPIST.
1798 373 1853 438 1.

2370 376 2511 473 269

416 510 646 598 Liber,
669 508 1070 595 honoram,
1097 504 1402 601 pulcher,
1431 531 1553 578 rex
1578 507 1867 603 denique
1892 532 2127 605 regum
2143 562 2164 599 ,

415 627 754 721 Praecipue
777 648 1004 714 sanuS,
1034 624 1167 694 nisi
1194 648 1400 720 quum
1429 625 1675 721 pituita
1704 622 1989 696 molesta
2014 641 2138 697 est.

413 830 565 891 Iove,
589 828 645 881 h.
667 846 714 881 e.
738 828 934 897 sapiens
951 828 1042 880 nni
1060 826 1172 880 Iovi
1190 828 1428 895 dignitate

411 914 544 966 cedit
561 931 574 962 ε
610 913 674 965 de
697 913 944 966 locutione
959 914 1130 963 minor
1145 924 1220 965 est
1233 912 1428 984 aln‘qtu‘s·

414 998 592 1069 aliquo
610 997 834 1065 exempla
857 997 996 1049 dedit
1011 997 1423 1055 Lamb.—d1'ves‚

414 1082 534 1150 quia
565 1079 716 1133 nullis
752 1081 904 1133 rebus
938 1081 1144 1147 indiget.
1163 1108 1230 1120 —
1251 1078 1423 1139 Liber,

417 1166 496 1217 sui
513 1164 640 1233 juris
657 1202 674 1228 ‚
701 1164 852 1217 nullis
875 1166 1026 1218 servit
1047 1164 1422 1233 cupiditatibus.

417 1246 708 1309 hommem,
730 1249 942 1301 bonores
961 1249 1064 1301 veri
1081 1286 1098 1310 ‚
1127 1248 1426 1301 incontami-

417 1334 539 1400 nati,
557 1350 588 1385 e
601 1333 784 1385 virtute
802 1332 1060 1399 criuntur3
1077 1329 1312 1383 Hor-od.
1326 1330 1426 1392 111,

415 1414 514 1467 od.
538 1414 637 1481 1v,
661 1427 710 1469 ο.
730 1412 1054 1485 -ριιΙσΙιεν,
1078 1414 1235 1467 animi
1264 1413 1429 1467 linea-

417 1511 580 1552 menta
601 1539 616 1563 ‚
650 1500 814 1568 inquit
831 1498 956 1552 Cato
972 1538 988 1561 ‚
1011 1508 1128 1551 sunt
1151 1498 1430 1567 pulchriora

412 1600 558 1653 quam
579 1582 818 1651 corporis.
843 1581 942 1633 En.

490 1678 513 1717 t
523 1678 609 1719 07.
621 1666 733 1718 Rex
746 1681 944 1734 regum,
961 1660 1027 1717 cf.
1047 1682 1182 1733 supr.
1194 1664 1298 1715 Sat.
1313 1664 1360 1728 1,
1373 1675 1427 1729 3,

421 1760 522 1802 ¹28
550 1759 602 1801 et
621 1749 1102 1817 {see-Praecipue
1125 1763 1306 1809 sanus,
1329 1748 1439 1798 nisi

416 1850 600 1906 quum,
617 1840 710 1885 etc.
731 1830 884 1885 Stoici
901 1831 1138 1884 docebant
1155 1832 1302 1883 etiam
1317 1848 1430 1884 cor-

420 1918 554 1986 poris
587 1914 780 1969 morbos
798 1949 816 1981 ,
847 1914 1060 1983 sapienti
1093 1914 1294 1966 omnino
1323 1931 1427 1967 esse

414 2000 794 2053 contemnendos
811 2037 826 2066 ,
861 2015 952 2051 nec
989 2000 1040 2051 in
1077 1997 1220 2051 malis
1249 2014 1426 2050 nnme-

418 2086 628 2150 randos;
665 2085 798 2137 unde
816 2084 1008 2137 Stoicus
1026 2084 1121 2135 iste
1139 2082 1271 2134 inter
1283 2098 1424 2135 acer-

415 2172 563 2223 rimos
581 2171 804 2239 podagra
831 2168 1026 2221 dolores
1055 2166 1359 2219 exclamans:
1393 2184 1425 2218 o

409 2256 648 2323 podagra,
683 2268 936 2324 nunquam
971 2268 1052 2305 me
1082 2264 1250 2319 coges,
1291 2260 1348 2302 nt
1375 2260 1424 2301 te

1497 829 1681 883 malum
1703 846 1811 883 esse
1830 832 2081 883 confitear.
2123 828 2341 885 Aiebant
2360 834 2510 901 igitur

1497 911 1683 979 Stoici,
1714 930 1869 983 quum
1902 914 2101 967 nonnisi
2130 915 2285 968 animi
2314 920 2509 973 morbos

1496 1006 1829 1065 agnoecerent,
1847 997 2117 1066 sapientem
2131 1015 2325 1069 semper
2334 1019 2506 1057 sanum

1495 1095 1622 1131 esse.
1644 1077 1805 1146 Quam
1818 1080 2018 1149 quidem
2036 1084 2330 1137 sententiam
2347 1084 2505 1141 Hora-

1496 1162 1598 1214 tius
1612 1200 1628 1228 ,
1657 1163 1724 1215 de
1753 1164 1982 1230 ambiguo
2013 1165 2148 1217 verbi
2176 1182 2339 1219 sanus
2360 1188 2507 1225 sensu

1497 1242 1673 1297 ludens
1685 1281 1704 1311 ,
1720 1244 1916 1299 deridet
1928 1282 1945 1307 ,
1968 1247 2093 1299 salse
2120 1249 2351 1317 subjectis
2368 1270 2382 1303 ε
2404 1255 2514 1305 m'si

1497 1342 1661 1398 quum
1675 1327 1866 1398 pituita
1882 1330 2089 1383 molesta
2106 1342 2181 1383 est
2195 1355 2211 1384 .-
2227 1335 2328 1401 jam
2346 1336 2413 1388 de
2431 1339 2508 1406 pi-

1502 1411 1626 1464 tuita
1644 1411 1831 1465 locutus
1845 1422 1921 1465 est
1935 1451 1949 1476 ,
1970 1430 2079 1482 sup.
2099 1412 2189 1467 lib.
2216 1417 2270 1469 H
2287 1457 2303 1486 ‚
2321 1420 2423 1475 Sat.
2448 1433 2503 1487 2,

1507 1507 1571 1558 7⁶
1592 1514 1607 1559 ;
1635 1496 1721 1547 sed
1741 1496 1825 1549 hic
1847 1496 2113 1566 Epicureos
2137 1506 2410 1571 praesertim
2436 1508 2509 1559 ir-

1502 1579 1657 1642 ridet,
1684 1580 1772 1649 qni
1800 1581 2032 1649 pituitam
2053 1582 2124 1635 ita
2141 1600 2333 1652 gravem
2350 1598 2402 1641 et
2427 1591 2503 1643 in-

1497 1663 1797 1717 commodam
1816 1666 2051 1733 putabant
2062 1702 2078 1734 ‚
2098 1678 2157 1719 ut
2170 1669 2301 1722 Deos
2314 1672 2508 1729 inmea-

1502 1757 1640 1813 rent,
1671 1749 1803 1817 quod
1833 1764 1892 1800 ea
1919 1764 2062 1801 nares
2089 1750 2347 1807 hominum
2376 1757 2506 1811 affici

1499 1841 1805 1899 paterentur.
1837 1831 1957 1884 vid.
1984 1831 2253 1888 Attianum
2289 1838 2352 1890 de
2385 1840 2507 1911 Epi-

1494 1924 1643 1967 cteto.
1680 1914 2052 1982 Quintilianus,
2080 1918 2170 1971 lib.
2200 1922 2259 1982 Ι,
2290 1940 2395 1992 cap.
2440 1938 2468 1978 6
2491 1966 2506 1993 ,

1495 2000 1675 2051 merito
1698 1999 1826 2052 ridet
1846 2016 1960 2053 eum
1982 2040 1998 2065 ‚
2030 2004 2117 2072 qui
2145 2004 2323 2057 dictam
2347 2009 2507 2078 pz'tui-

1495 2093 1598 2133 tam
1621 2084 1841 2151 putavit,
1868 2085 1985 2154 quia
2006 2099 2141 2155 petat
2158 2090 2318 2142 vitam
2334 2128 2352 2151 ,
2391 2094 2505 2147 dum

1497 2164 1627 2217 nihil
1644 2166 1915 2236 simplicius
1932 2187 2078 2238 quam
2102 2189 2131 2225 a
2155 2175 2307 2228 verbo
2324 2177 2471 2229 πιτὺω
2492 2217 2507 2241 ,

1497 2266 1652 2320 spuo,
1679 2252 1931 2307 deducem-
1957 2252 2050 2307 En.

491 2626 754 2681 Ananis.
798 2628 1077 2699 Saepissime
1090 2667 1106 2694 ‚
1131 2637 1187 2682 ut
1211 2626 1432 2697 videtur,
1463 2642 1665 2701 questus
1696 2643 1804 2685 erat
1838 2633 2080 2687 Maecenas
2111 2638 2241 2707 quod
2272 2642 2505 2698 Horatius

417 2731 592 2770 versus
613 2714 786 2784 lyricos
802 2716 904 2782 jam
927 2732 1024 2768 non
1047 2724 1377 2785 componeret.
1411 2716 1567 2770 Poeta
1598 2716 1689 2769 hac
1714 2716 1935 2787 Epistola
1958 2736 2011 2771 se
2027 2734 2239 2775 excusat.
2262 2727 2506 2796 senescit,

415 2812 468 2855 et
486 2812 680 2854 aetatem
701 2818 836 2853 suam
857 2802 982 2852 male
1001 2801 1176 2853 decent
1193 2802 1429 2854 carmina.
1452 2801 1565 2855 Jam
1588 2820 1641 2855 se
1658 2813 1812 2855 totum
1833 2802 2153 2873 philosophiae
2169 2814 2333 2865 studio
2348 2816 2502 2868 dedit.

413 2890 558 2942 Nulli
573 2888 774 2959 quidem
793 2898 934 2939 sectae
953 2886 1182 2955 privatim
1202 2889 1426 2941 addictus
1447 2898 1540 2956 est,
1559 2900 1611 2940 at
1629 2890 1850 2942 omnium
1872 2892 2124 2958 praeceptis
2143 2896 2361 2961 studens,
2376 2904 2507 2969 quod

417 2974 468 3027 in
496 2990 690 3046 quoque
715 2973 958 3041 optimum
986 2982 1062 3023 est
1088 2972 1252 3039 seligit
1280 2990 1337 3026 ac
1363 2974 1464 3028 sibi
1497 2975 1753 3045 proprium
1788 2974 1919 3025 facit.
1943 2972 2179 3041 Quamvis
2201 2990 2363 3032 autem
2386 3002 2506 3051 per-

413 3061 592 3113 fectam
610 3059 900 3128 sapientiam
923 3058 1091 3110 subito
1113 3058 1355 3124 attingere
1373 3075 1472 3111 non
1500 3057 1673 3127 possit,
1693 3074 1747 3110 se
1770 3068 1931 3111 tamen
1952 3059 2134 3111 sensim
2156 3078 2213 3113 ac
2236 3082 2326 3133 per
2343 3078 2507 3135 paru„

410 3148 671 3210 emendat;
696 3162 810 3198 nam
835 3144 1146 3214 philosophia
1164 3145 1320 3197 cnivis
1342 3144 1689 3225 animi-morbo
1708 3182 1723 3211 ,
1746 3144 1902 3197 cuivis
1923 3145 2049 3198 vitio
2078 3149 2293 3203 remedia
2320 3171 2504 3225 suppe-

409 3238 537 3289 ditat
551 3275 568 3303 ,
590 3248 641 3289 et
671 3234 792 3288 vitia
825 3234 996 3301 fugere
1015 3234 1118 3301 jam
1141 3243 1217 3286 est
1234 3234 1413 3286 virtus.
1435 3232 1553 3286 Non
1570 3234 1679 3286 sine
1698 3251 1871 3304 magno
1888 3237 2090 3305 quidem
2109 3238 2276 3292 labore
2300 3242 2391 3295 hoc
2412 3246 2502 3311 fit;

413 3336 463 3377 at
491 3337 610 3397 quot
645 3338 698 3380 et
724 3336 934 3397 quantos
963 3324 1159 3378 labores
1190 3326 1252 3377 ad
1281 3324 1482 3378 divitias
1516 3325 1593 3378 vel
1626 3328 1837 3381 honores
1872 3331 2221 3397 comparandos
2236 3380 2243 3385 ,
2250 3325 2505 3403 patiuntur

414 3413 669 3465 homines?
687 3423 737 3465 et
753 3424 913 3465 tamen
937 3413 1092 3463 virtus
1112 3412 1469 3481 sapientiaque,
1488 3430 1583 3465 non
1606 3424 1769 3466 autem
1787 3430 1979 3478 aurum,
1995 3418 2316 3470 aestimatione
2335 3432 2387 3473 et
2404 3440 2503 3475 am-

413 3500 604 3551 bitione
633 3501 886 3572 hominum
919 3501 1078 3567 dignae
1111 3510 1245 3552 sunt.
1283 3500 1500 3569 Populus
1531 3503 1729 3571 quidem
1763 3502 1909 3555 aliter
1934 3514 2129 3570 censet3
2150 3516 2331 3576 atqua
2350 3512 2499 3564 estin

412 3586 582 3655 populi
603 3584 804 3655 judiciis
825 3588 1101 3639 constantia
1119 3602 1175 3638 ac
1191 3586 1433 3639 stabilitas
1447 3587 1473 3639 ἲ
1493 3589 1703 3657 quisque
1724 3606 1919 3659 semper
1937 3589 2207 3643 voluntates
2226 3609 2281 3645 ac
2300 3607 2500 3651 senten-
2552 3628 2559 3633 -

410 3675 508 3726 tias
529 3681 706 3734 mutat,
729 3688 820 3724 nec
841 3672 926 3725 illa
947 3671 1123 3725 levitas
1138 3671 1406 3746 deridenda
1424 3673 1643 3740 videtur,
1664 3674 1783 3744 qnia
1806 3675 2027 3727 omnium
2050 3680 2319 3733 eommunis
2337 3692 2431 3749 est,
2450 3694 2503 3738 et

407 3760 526 3813 adeo
546 3758 760 3825 vulgaris
784 3766 838 3811 ut
859 3758 988 3811 nihil
1019 3760 1226 3811 omnino
1255 3759 1442 3812 insoliti
1475 3760 1671 3812 habeat.
1698 3760 1949 3828 Sapientia
1972 3760 2121 3827 igitur
2138 3762 2239 3816 sola
2256 3771 2501 3837 sequenda

408 3852 498 3897 est.
527 3844 624 3897 mc
651 3844 830 3915 incipit
863 3846 1133 3912 magnificis
1163 3845 1330 3899 verbis
1361 3844 1601 3915 sapientis
1622 3844 1871 3905 definitio,
1894 3862 2005 3913 qun
2030 3847 2079 3899 in
2100 3849 2259 3914 jocum
2280 3862 2330 3905 et
2350 3856 2499 3910 salem

408 3927 606 3983 desinit.
639 3929 735 3983 En.
