3000 4684
951 392 1322 461 SATIRAE
1375 390 1507 461 Ro
1526 390 1855 479 MANAE.
2336 393 2448 459 xix

351 530 448 603 ad
493 554 609 620 ea,
659 554 818 626 quae
868 544 1042 601 ante
1091 552 1178 603 ea
1224 528 1316 601 de
1364 552 1442 599 re
1491 527 1888 626 protulerat
1936 528 2447 631 celeberrimus

353 648 687 736 criticus,
719 646 1096 746 descriptis
1127 670 1393 743 magno
1426 671 1596 719 cum
1623 646 1903 743 judicio
1930 648 2247 721 duorum
2278 672 2450 749 poe-

355 779 628 837 matum
657 763 984 862 quinque
1015 779 1142 835 aut
1175 788 1298 835 sex
1327 762 1873 837 discriminibus
1900 764 2449 861 insignioribus,

353 906 518 981 quae
539 882 600 955 si
625 882 874 955 videre
899 882 1172 980 cupias,
1193 896 1567 955 auctorem
1591 881 1733 954 adi.
1759 881 1949 955 Nihil
1972 908 2293 980 unquam
2317 879 2452 953 fuit

357 998 552 1097 apud
575 1002 866 1071 Graeoos
887 1002 1232 1071 Romanae
1253 998 1499 1069 Satirae
1524 996 1922 1071 finitimum
1938 1014 2196 1096 praeter
2216 996 2449 1090 Sillae,

361 1116 659 1223 mordas
697 1142 964 1215 nempe
1003 1116 1357 1213 poematis
1389 1140 1622 1212 genus
1644 1171 1664 1208 ,
1689 1115 1891 1215 quod
1922 1142 2009 1189 ex
2036 1116 2451 1213 fragmentis

363 1232 708 1307 Sillorum
738 1240 1066 1309 D‘mom‘s
1097 1235 1306 1310 facile
1347 1232 1593 1333 colligi
1634 1250 1913 1334 potest3
1954 1250 2027 1307 at
2055 1234 2199 1308 hoc
2231 1234 2454 1308 inter-

363 1367 544 1444 erat,
589 1350 796 1449 quod
833 1350 1004 1425 Silla·
1047 1356 1465 1425 Graecorum
1512 1376 1725 1425 merae
1767 1366 2010 1425 essent
2050 1348 2447 1438 Par-odiar,

361 1469 560 1568 quod
588 1468 682 1541 de
713 1472 1036 1541 Romana
1061 1468 1294 1541 Satira
1327 1468 1478 1541 diei
1514 1468 1806 1565 nequit,
1844 1466 1973 1539 uhi
2004 1468 2068 1541 si
2102 1466 2287 1541 sorte
2321 1465 2450 1538 ali-

362 1584 658 1683 quando
685 1585 764 1657 in
781 1582 1202 1683 par-odiam
1230 1584 1545 1675 incidas,
1572 1582 1855 1659 videbis
1888 1599 2131 1657 tamen
2166 1596 2457 1682 poetam

363 1703 670 1794 cavisse,
693 1727 792 1775 ne
830 1701 1274 1775 abuteretur.
1317 1700 1529 1775 Unde
1556 1701 1785 1800 liquet
1816 1700 2137 1799 parodiis
2168 1714 2458 1773 natura·

363 1818 516 1891 lem
542 1843 702 1891 esse
727 1820 806 1889 in
834 1818 1030 1890 Sillis
1057 1818 1340 1913 sedem,
1367 1843 1525 1891 non
1552 1820 1731 1893 item
1761 1820 1839 1890 in
1864 1819 2133 1891 Satiris·

465 1934 812 2031 Exposita
841 1934 1131 2007 tandem
1160 1950 1451 2028 natura,
1485 1938 1769 2032 origine
1803 1950 1877 2009 et
1912 1960 2299 2035 progressu
2336 1938 2458 2007 Sa-

367 2054 558 2143 tires,
588 2078 820 2152 pauca
861 2052 954 2126 de
994 2054 1156 2155 ipso
1187 2056 1486 2139 Horatio
1522 2055 1912 2128 mihisunt
1947 2052 2297 2146 dicenda,
2334 2052 2464 2151 qui

363 2171 664 2270 quidem
696 2172 934 2271 qualis
965 2174 1044 2245 in
1077 2174 1224 2247 hoc
1257 2198 1478 2273 opere
1511 2176 1639 2267 sit,
1674 2198 1829 2248 non
1864 2189 2108 2273 potest
2140 2196 2463 2247 commo-

367 2290 532 2362 dius
588 2289 1074 2363 demonstrari
1093 2345 1116 2383 ‚
1171 2317 1394 2390 quam
1433 2293 1495 2363 si
1538 2318 1708 2364 eum
1742 2292 2157 2365 Silenorum
2208 2291 2463 2364 statuis

369 2432 740 2507 compares
759 2462 782 2501 ‚
815 2409 1086 2507 quibus
1122 2407 1531 2483 Alcibiades
1568 2411 1645 2483 in
1680 2412 2063 2510 Symposio
2100 2415 2468 2483 Socratem

367 2542 781 2624 comparat,
825 2524 990 2626 qua}
1035 2528 1222 2601 nihil
1263 2544 1463 2601 extra
1504 2529 1871 2603 habebant
1910 2528 2233 2630 pulchri,
2280 2523 2467 2599 nihil

371 2644 648 2733 ornati;
685 2660 758 2716 at
789 2646 852 2715 si
885 2644 1044 2717 illas
1077 2646 1523 2743 aperuisseS‚
1560 2647 1893 2717 omnium
1926 2650 2251 2717 Deorum
2282 2648 2466 2715 Dea-

371 2784 682 2858 rumque
715 2762 1068 2858 imagines
1105 2763 1519 2835 detexisses.
1542 2763 1652 2834 Ad
1688 2788 1855 2834 eum
1892 2764 2197 2836 modum
2230 2786 2307 2835 se
2335 2784 2469 2833 no·-

373 2875 490 2949 bis
535 2874 830 2949 exhibet
869 2880 948 2951 in
994 2880 1244 2952 Satiris
1287 2880 1630 2953 Horatius
1649 2934 1670 2971 ,
1716 2877 1905 2950 nihil
1948 2904 2289 2975 magnum
2324 2902 2471 2977 prae

375 3018 455 3066 se
505 2994 676 3087 fert,
722 2996 922 3093 quod
963 3020 1102 3070 nos
1148 2996 1476 3070 detinere
1520 2996 1827 3069 debeat:
1860 2994 2153 3091 dignior
2185 2994 2473 3066 videtur

375 3136 572 3203 esse,
607 3114 738 3210 qui
777 3114 1025 3213 pueris
1069 3130 1372 3206 teratur,
1419 3138 1639 3213 quam
1676 3114 1805 3212 qui
1847 3114 2039 3187 viros
2078 3126 2471 3211 occupatos

375 3248 661 3323 teneat3
709 3234 841 3306 sed
887 3234 1212 3334 seposito
1257 3233 1459 3326 ve10,
1508 3250 1585 3307 et
1635 3234 1934 3307 Horatio
1977 3232 2299 3335 penitius
2352 3230 2467 3301 in·

377 3366 658 3448 specto,
683 3353 1025 3425 omnium
1057 3350 1258 3424 illico
1291 3351 1643 3424 Divorum
1681 3376 1837 3423 sese
1867 3350 2099 3424 oeulis
2128 3352 2473 3445 ingerunt

375 3468 768 3563 imagines,
806 3467 954 3541 hoc
995 3482 1146 3559 est,
1183 3492 1441 3540 omnes
1475 3469 1812 3559 virtutes,
1850 3467 1944 3540 ad
1975 3492 2155 3565 quas
2188 3464 2476 3537 assidue

379 3584 766 3659 exercendi
797 3601 1003 3677 sunt,
1043 3586 1172 3684 qui
1205 3587 1400 3659 vitiis
1435 3586 1587 3658 suis
1620 3586 2067 3683 corrigendis
2105 3584 2293 3657 serio
2326 3597 2477 3654 stu-

379 3700 584 3775 dent.
607 3705 938 3778 Exterius
961 3705 1172 3778 illum
1195 3705 1569 3805 adspicere
1596 3706 1927 3780 contenti
1952 3703 2259 3777 antehac
2278 3702 2479 3775 fuere

379 3821 516 3891 viri
541 3821 766 3914 docti,
797 3848 1038 3923 neque
1065 3849 1366 3923 possum
1404 3824 1557 3897 non
1590 3825 1835 3897 mirari
1857 3824 2144 3914 Satiras,
2170 3848 2347 3923 quas
2371 3837 2477 3893 to-

381 3937 518 4008 ties
539 3937 872 4033 legerunt
895 3940 1576 4039 pervolveruntque‚
1596 3966 1851 4038 parum
1866 3940 2262 4017 admodum
2278 3937 2371 4010 ab
2390 3936 2475 4007 iis
