3000 4684
1001 381 1011 390 ’
1108 418 1295 488 LIB.
1351 419 1456 506 11,
1509 419 1702 489 sAT.
1756 420 1851 488 11.

2391 417 2524 516 139

439 551 685 619 Utrum
718 552 1133 623 imitabitur?
1167 557 1311 624 Hac
1342 570 1541 652 urget
1571 552 1798 651 lupus,
1835 555 1962 626 hac
1993 559 2177 627 canis
2209 559 2417 653 angit.

439 667 734 738 Mundus
760 670 917 760 erit,
947 672 1063 764 qui
1088 695 1227 741 non
1256 670 1562 743 offendat
1586 674 1894 744 sordibus
1911 727 1930 761 ,
1960 690 2158 769 atque

2451 671 2528 730 65

438 789 519 860 In
548 803 855 858 neutram
880 805 1147 885 partem.
1169 789 1383 860 cultus
1408 791 1634 891 miset.
1663 793 1794 861 Hic
1821 818 2036 888 neque
2064 793 2298 881 servis,

438 903 671 976 Albuti
698 907 875 978 senis
902 907 1239 1004 exemp10‚
1268 907 1429 982 dum
1460 913 1691 980 munia
1721 909 1924 1002 didit,

513 1115 601 1160 οι.
638 1103 824 1158 Utrum
858 1105 1037 1159 hor-um
1051 1144 1071 1174 ‚
1098 1117 1264 1160 utrum
1286 1123 1346 1160 ex
1368 1107 1449 1161 his

1524 1120 1618 1162 tur.
1636 1111 1847 1164 Sensus:
1871 1109 2078 1180 Sapiens
2097 1118 2296 1164 eatenus
2317 1117 2444 1162 recte
2458 1108 2538 1160 di-

442 1189 645 1253 duobus,
663 1207 785 1260 quos
802 1191 1063 1260 descripsi,
1077 1190 1449 1256 Galloniumne,
1521 1202 1660 1261 cetui·
1673 1191 1917 1252 mundus,
1934 1203 2176 1263 quatenus
2193 1193 2416 1245 convivas
2435 1207 2534 1245 non

441 1275 529 1344 qui
565 1275 823 1343 splendide
836 1311 853 1342 ‚
892 1293 955 1329 an
992 1274 1291 1330 Avidienum
1314 1313 1329 1338 ,
1366 1275 1452 1346 qui

440 1358 637 1411 sordide
657 1359 815 1411 vivit?
830 1389 903 1399 --
926 1361 1046 1412 Hac
1078 1371 1231 1430 urget
1261 1361 1418 1431 lupus
1434 1396 1452 1418 ‚

443 1441 545 1495 hac
561 1444 707 1495 canis
724 1445 905 1514 magui,-
926 1462 1015 1515 pro
1036 1447 1200 1516 angit,
1224 1444 1472 1497 nonnulli·

441 1525 610 1595 legunt
631 1547 644 1578 :
688 1530 875 1594 αιἰιηες
914 1547 1063 1600 quam
1104 1529 1365 1583 lectionem
1408 1529 1453 1580 si

442 1613 686 1682 acceperis
702 1651 717 1676 ,
748 1612 925 1666 haberi
957 1616 1161 1667 omnino
1182 1616 1286 1667 haec
1304 1615 1455 1667 verba

442 1695 630 1748 debent
664 1713 755 1764 pro
784 1697 1064 1764 proverbio.
1098 1698 1193 1750 Sed
1211 1734 1228 1765 ‚
1248 1709 1305 1750 ut
1329 1697 1459 1749 nihil

443 1779 606 1831 dicam
626 1817 643 1841 ‚
677 1779 829 1846 hujus
852 1781 1103 1852 proverbii
1124 1782 1252 1850 apud
1272 1781 1459 1835 nullum

446 1861 606 1913 alium
632 1862 917 1931 scriptorem
951 1874 1141 1917 exstare
1169 1867 1425 1933 vestigium
1444 1903 1461 1935 ‚

451 1943 563 2014 ipse
580 1961 754 1998 sensus
766 1983 785 2014 ,
801 1947 889 2017 qui
909 1949 957 2002 ei
982 1949 1143 2002 inesse
1158 1950 1305 2002 debet
1316 1989 1332 2018 ,
1352 1953 1425 2005 rei
1442 1991 1457 2015 ‚

451 2027 517 2080 de
530 2046 629 2098 qua
646 2048 808 2084 sermo
824 2041 917 2100 est,
938 2034 1085 2102 piane
1102 2049 1199 2087 non
1218 2037 1458 2089 convenit.

426 2112 637 2174 ‚Nullus
656 2113 790 2167 enim
807 2115 933 2168 alius
950 2133 1123 2170 sensus
1144 2133 1207 2170 ex
1230 2118 1320 2172 hoc
1341 2137 1463 2188 pro-

446 2199 621 2252 verbio
642 2198 759 2252 elici
785 2191 965 2270 potest,
991 2203 1091 2254 nisi
1114 2204 1197 2255 hic
1223 2223 1235 2254 :
1272 2204 1376 2271 Ego
1400 2205 1465 2257 ab

444 2291 658 2352 utraque
677 2293 820 2353 parte
840 2301 1039 2353 premor
1066 2295 1115 2337 et
1141 2285 1195 2337 in
1216 2287 1466 2352 angustias

444 2366 708 2430 detrudet-3
745 2369 888 2438 inops
914 2369 1067 2436 igitur
1091 2386 1201 2422 sum
1233 2369 1463 2435 consilii,

398 2477 409 2488 ·
446 2449 570 2518 quid
590 2451 783 2504 faciam.
813 2453 911 2505 Sed
929 2454 1135 2524 sapiens
1156 2456 1245 2520 (h.
1270 2472 1319 2507 e.
1340 2473 1468 2524 pru-

452 2531 605 2599 dens)
622 2571 637 2597 ‚
666 2537 993 2603 interrogatus
1007 2574 1024 2602 ‚
1042 2535 1181 2607 quali
1196 2538 1327 2590 victu
1347 2555 1469 2589 usu-

458 2631 543 2667 rus
562 2656 578 2681 ,
612 2627 779 2671 utrum
809 2619 1118 2674 luxuriosum
1133 2661 1150 2689 ‚
1174 2639 1239 2674 an
1269 2639 1469 2675 avarum

457 2695 741 2752 imitaturus
756 2702 839 2766 sit,
858 2721 958 2757 non
978 2706 1121 2774 inops
1141 2707 1239 2758 erit
1252 2705 1469 2769 consilii,

455 2781 580 2850 quid
606 2783 783 2852 faciat,
816 2787 899 2838 sed
920 2787 1117 2855 statim,
1152 2805 1207 2841 se
1237 2797 1469 2841 neutrum

458 2865 773 2920 imitaturum
796 2885 901 2922 esse
917 2871 1252 2944 respondebit.
1276 2871 1347 2924 Et
1366 2874 1473 2925 haec

460 2951 717 3017 responsio
746 2967 973 3022 expressa
1003 2964 1082 3008 est
1098 2957 1293 3008 verbis:
1318 2976 1345 3004 ει
1366 2955 1473 3010 Hac

462 3043 604 3100 urget
630 3035 777 3105 lupus
794 3075 809 3104 ‚
834 3038 924 3090 hac
943 3040 1077 3094 canis
1094 3041 1259 3108 augin
1284 3061 1309 3090 »
1332 3057 1470 3093 com-

459 3128 663 3186 paratur
682 3122 871 3176 scilicet
890 3123 1037 3178 homo
1061 3125 1345 3179 luxuriosus
1364 3127 1474 3192 (cu-

453 3199 537 3266 jus
561 3203 672 3269 gula
695 3203 747 3256 in
770 3223 819 3257 v.
850 3215 941 3270 ιο,
961 3205 1150 3259 dicitnr
1172 3226 1199 3254 «
1220 3207 1369 3274 digna
1388 3223 1475 3260 ra-

460 3285 660 3352 pacibus
676 3287 913 3358 Harpyiis
932 3288 985 3359 ι»)
1009 3306 1118 3342 cum
1152 3289 1259 3360 lupi
1285 3290 1477 3341 voraci-

464 3375 587 3430 tate,
605 3379 658 3421 et
670 3370 819 3424 homo
838 3371 1036 3425 sordide
1052 3389 1225 3425 avarus
1248 3369 1489 3437 (lxvidie--

469 3465 561 3500 nus
576 3489 593 3518 ‚
606 3453 686 3505 cui
704 3455 857 3508 Canis
875 3493 891 3518 ‚
913 3473 976 3510 ex
992 3473 1109 3509 vero
1126 3456 1328 3509 ductum
1350 3494 1365 3520 ,
1392 3474 1476 3509 co-

470 3549 675 3602 gnomen
692 3539 942 3608 adhaeret)
961 3559 1073 3594 cum
1091 3540 1227 3594 canis
1245 3540 1480 3611 spurcitia

467 3625 519 3669 et
552 3619 881 3693 impudentia3
909 3641 1083 3678 sensus
1114 3625 1293 3692 igitur:
1330 3625 1478 3679 Neu-

465 3709 599 3756 trum
636 3705 916 3762 imitabitur
944 3709 1141 3780 sapiens
1158 3745 1175 3778 ‚
1200 3709 1482 3763 luxuriosus

466 3789 597 3840 enim
618 3789 737 3861 lupo
751 3830 765 3855 ‚
786 3803 839 3846 et
860 3809 1035 3846 avenis
1056 3793 1167 3846 cani
1185 3805 1261 3847 est
1280 3794 1479 3848 similis.

470 3899 539 3910 --
554 3888 717 3942 umet,
744 3876 996 3940 imminet,
1022 3877 1231 3931 infestus
1253 3889 1349 3943 est,
1370 3895 1481 3932 mo-

470 3955 619 4009 lestus
636 3971 733 4011 est.
1032 3999 1037 4006 .
1118 3999 1125 4006 .

545 4051 629 4094 68.
663 4041 907 4095 Mundus
930 4048 1051 4104 eric,
1076 4057 1169 4100 etc.
1193 4047 1403 4100 Transit
1424 4048 1485 4100 ad

478 4119 639 4176 laudes
662 4125 819 4180 victus
840 4128 1023 4192 tenuis,
1041 4145 1141 4199 quo
1160 4130 1355 4197 sapiens
1379 4132 1485 4183 uti-

1523 1277 1745 1332 offendat
1763 1277 2022 1346 sordibus3
2041 1278 2266 1346 idemque
2281 1315 2298 1343 ,
2321 1275 2452 1347 quod
2474 1275 2538 1328 ad

1527 1369 1786 1414 externum
1804 1360 2015 1414 convivii
2037 1360 2220 1414 cultum
2243 1365 2458 1428 spectat,
2482 1358 2536 1410 in

1527 1454 1752 1496 neutram
1792 1455 1982 1512 partem
2032 1444 2224 1508 (miser-
2260 1443 2360 1496 en't
2381 1444 2402 1507 )
2449 1440 2537 1493 ni-

1525 1527 1657 1580 mius
1673 1526 1749 1579 vel
1777 1526 2209 1596 reprehendendus
2241 1526 2370 1592 erit,
2400 1525 2456 1576 h.
2481 1541 2530 1575 e.

1527 1627 1690 1678 neque
1711 1611 1764 1662 in
1787 1610 2044 1662 mundiore
2068 1610 2204 1662 cultu
2231 1609 2430 1661 modum
2450 1623 2542 1658 ex-

1532 1693 1705 1757 cedet,
1733 1710 1893 1763 neque
1921 1693 2150 1746 sordibus
2171 1690 2448 1744 sonvivium
2469 1689 2550 1738 in-

1532 1777 1734 1846 quinari
1775 1777 2025 1846 patienti-3
2069 1777 2154 1830 hic
2193 1776 2344 1842 igitur
2385 1788 2547 1842 neque

1535 1862 1590 1914 in
1615 1878 1778 1916 servos
1795 1900 1810 1923 ‚
1831 1863 1950 1914 dum
1968 1877 2058 1913 sua
2076 1861 2253 1928 cuique
2273 1856 2548 1910 ministeris

1533 1945 1756 2012 adsignat
1771 1983 1786 2007 ‚
1823 1944 1888 1997 ad
1921 1942 2118 1996 Albutii
2157 1941 2435 2009 exemplum
2451 1977 2466 2002 ‚
2505 1939 2548 1991 si

1532 2030 1654 2099 quid
1667 2031 1972 2099 peoenverint
1982 2031 2059 2082 vel
2069 2025 2545 2087 commaculaverint,

1535 2112 1732 2182 saeviet,
1762 2133 1920 2185 neque
1941 2153 1955 2182 ,
1979 2114 2106 2168 sicut
2124 2113 2358 2166 candidus
2379 2120 2431 2164 et
2451 2109 2546 2162 mi-

1539 2199 1682 2252 tioris
1711 2201 1866 2251 animi
1895 2199 2129 2267 Naevius,
2149 2194 2424 2263 indulgebit
2441 2211 2549 2246 ser-

1537 2283 1633 2347 vis,
1653 2282 1696 2334 si
1711 2299 1887 2352 aquam
1907 2283 2148 2352 impuram
2166 2291 2217 2334 et
2231 2280 2372 2334 sorde
2395 2276 2549 2346 pollu-

1541 2372 1640 2416 tam
1665 2366 1879 2418 convivis
1913 2365 2250 2434 praebuerint3
2285 2365 2392 2416 baec
2425 2377 2553 2430 quo·-

1541 2465 1638 2518 que
1664 2449 1967 2517 indulgentia
1992 2451 2056 2502 ad
2080 2450 2202 2501 vitia
2227 2445 2461 2517 pertinet.
2479 2472 2553 2482 —

1541 2535 1644 2603 qui
1654 2551 1757 2584 non
1766 2550 1788 2598 ,-
1807 2552 1924 2603 pro:
1941 2536 2054 2608 qui.
2079 2533 2347 2595 Bentleius,
2360 2539 2552 2582 secutus

1543 2615 1706 2671 Schol.
1745 2616 1864 2671 Aer.
1903 2620 2043 2672 dedit
2073 2637 2182 2692 qua
2210 2617 2519 2688 (quatenus)
2539 2651 2555 2676 ‚

1544 2703 1632 2754 sed
1653 2701 1822 2754 eodem
1843 2703 1972 2755 redit
1985 2705 2208 2775 quicum
2224 2699 2550 2768 conjunctivo.

1545 2815 1614 2825 —-
1629 2785 1946 2838 Heindorflus
1964 2787 2129 2854 jungit
2141 2787 2312 2838 cultus
2342 2785 2396 2838 in
2416 2782 2556 2850 geni-

1545 2870 1646 2922 tivo
1663 2886 1773 2921 cum
1790 2870 1960 2930 misen
1975 2871 2104 2940 quod
2119 2879 2195 2922 est
2203 2869 2520 2920 durissimum
2539 2887 2555 2931 ς

1545 2971 1658 3006 nam
1677 2954 1900 3023 exempla
1919 2991 1934 3021 ,
1960 2954 2022 3005 ab
2045 2971 2106 3006 eo
2127 2952 2272 3005 allata
2290 2989 2305 3014 ,
2335 2953 2433 3002 huc
2457 2969 2556 3004 non

1543 3039 1816 3110 quadi-ann
1849 3053 1938 3106 ego
1959 3037 2142 3090 'cultus
2176 3037 2228 3088 in
2253 3036 2467 3102 genitivo
2497 3036 2558 3086 ad

1546 3123 1604 3176 ἰη
1629 3134 1863 3175 neutram
1881 3135 2081 3194 panem
2101 3121 2295 3187 refero,
2329 3129 2380 3172 et
2408 3119 2565 3170 miser

1547 3223 1663 3276 pro:
1687 3206 1893 3274 nimius,
1913 3205 2121 3275 explico.

1622 3302 1709 3345 eo.
1733 3290 1836 3344 Hic
1856 3309 1976 3365 neq.
1999 3292 2174 3350 servis,
2191 3298 2286 3342 etc.
2303 3287 2402 3341 Hic
2413 3287 2560 3368 homo

1549 3374 1744 3443 sapiens
1779 3375 2000 3428 medium
2024 3373 2244 3444 tenebit;
2269 3389 2366 3423 non
2390 3371 2561 3423 imita-

1551 3461 1690 3512 bitur
1705 3457 1968 3513 Albutium
2004 3461 2058 3511 in
2085 3455 2296 3510 convivii
2327 3463 2563 3523 apparatu

1549 3543 1698 3596 anxie
1741 3552 1793 3596 et
1838 3543 2010 3595 insane
2052 3547 2329 3593 accuratum
2346 3573 2363 3599 ,
2407 3553 2592 3604 neque‘

1551 3629 1780 3682 Naevium
1807 3627 1956 3680 nimis
1993 3627 2045 3678 in
2077 3623 2248 3677 eadem
2271 3639 2326 3675 re
2349 3621 2567 3675 incurio-

1554 3731 1663 3766 sum
1702 3722 1753 3765 et
1791 3709 2135 3778 negligentem.
2177 3706 2272 3758 En.
2297 3734 2368 3746 --
2377 3709 2570 3778 ,amnia

1554 3793 1700 3854 ᾰίᾰιὶ,
1727 3793 1845 3846 dum
1873 3791 2026 3844 servis
2047 3807 2273 3855 munera,
2299 3788 2463 3844 officia
2480 3789 2568 3842 di-

1555 3878 1709 3943 vidit,
1731 3878 1866 3948 quod
1896 3892 2039 3944 agere
2057 3875 2265 3947 quisque
2283 3877 2462 3930 debeat
2483 3875 2568 3926 di-

1559 3961 1782 4014 stribuit.
1801 3962 1974 4013 En.—
1987 3949 2168 4013 Soevus
2185 3964 2282 4014 erit
2291 3979 2312 4027 ;
2334 3960 2568 4014 Albutius

1561 4046 1644 4098 ille
1663 4046 1785 4099 adeo
1805 4048 1858 4100 in
1877 4045 2172 4115 accipiendis
2193 4047 2408 4099 convivis
2429 4061 2566 4096 accu-

1561 4139 1692 4182 ratus
1711 4139 1832 4192 erat,
1851 4139 1908 4182 ut
1930 4130 1970 4183 si
1989 4131 2106 4199 quid
2131 4131 2179 4185 in
2202 4129 2412 4182 lautitiis
2431 4127 2566 4192 ejus-
