3000 4684
456 399 589 470 168

1014 392 1103 482 Q.
1153 393 1570 461 HORATI'I
1619 389 1967 460 FLACCI

444 537 707 606 Excitat
732 534 863 603 hoc
892 547 1131 627 pacto:
1163 555 1462 600 mensam
1490 530 1654 626 poni
1674 530 1896 625 jubet,
1926 545 2123 623 atque

442 650 719 722 Effundi
746 674 971 720 saccos
998 672 1462 736 nummorum3
1494 644 1816 716 accedere
1845 643 2065 738 plures

442 771 549 844 Ad
578 767 1102 841 numerandum:
1128 765 1474 837 hominem
1498 767 1595 836 sic
1619 766 1852 860 erigit:
1883 762 2071 832 addit
2094 776 2161 831 et
2184 759 2382 831 illud:
2419 759 2534 820 150
2605 813 2616 818 -

451 923 483 956 α
504 893 595 962 Νἰ
624 907 733 961 tua
764 888 1082 977 custodiS‚
1114 886 1345 958 avidus
1368 888 1510 982 jam
1537 887 1679 956 haec
1707 885 1964 954 auferet
1989 883 2217 952 hoeres.
2243 913 2276 948 »
2295 921 2394 934 -

447 1009 632 1079 Men’
652 1007 1032 1077 viv0?-Ut
1056 1007 1235 1075 vivas
1260 992 1491 1100 igitur,
1517 1002 1754 1100 vigila:
1781 1003 1912 1071 hoc
1937 1001 2377 1098 age.-Quid
2401 1003 2540 1072 vis?

452 1127 894 1197 —Deficient
922 1127 1190 1219 inopem
1220 1149 1406 1196 venae
1436 1139 1500 1192 te
1513 1177 1539 1216 3
1567 1125 1637 1191 ni
1668 1123 1854 1191 cibus
1883 1137 2080 1214 atque

447 1249 696 1342 Ingens
728 1245 983 1315 accedit
1016 1242 1365 1312 stomacho
1399 1240 1649 1310 fultura
1681 1240 1924 1309 ruenti.

449 1369 551 1435 Tu
575 1366 826 1435 cessas?
855 1361 1186 1459 Agedum,
1204 1385 1393 1430 sume
1412 1359 1548 1430 hoc
1567 1359 2004 1455 ptisanarium
2027 1379 2365 1452 oryzae.——
2427 1354 2540 1414 155

451 1563 630 1624 tando,
672 1561 789 1614 hinc
825 1561 993 1613 celere
1029 1559 1299 1613 consilium
1333 1561 1464 1629 apud

450 1645 659 1697 Terent.
682 1646 885 1696 Phorm.
909 1647 935 1696 1
952 1682 968 1712 ‚
992 1657 1023 1697 4
1042 1683 1056 1712 ,
1090 1659 1109 1696 ¹
1126 1684 1139 1697 .
1158 1643 1449 1716 —fidelelr‚

452 1727 677 1780 assiduus
696 1765 713 1794 ,
747 1727 945 1780 sedulus
964 1766 977 1788 ‚
1009 1729 1097 1797 qui
1130 1745 1267 1780 suam
1298 1745 1463 1781 curam

448 1813 724 1881 pollicitus,
756 1813 882 1864 nihil
920 1814 1123 1865 omnino
1155 1813 1216 1864 ad
1244 1814 1464 1866 sanatio-

448 1913 561 1950 nem
585 1897 801 1964 negligit.
836 1896 1026 1947 [ulidus
1050 1897 1184 1948 enim
1216 1897 1465 1962 medicus,

450 1982 633 2032 haeredi
662 1981 827 2047 potius
847 1997 995 2049 quam
1020 1981 1269 2044 aegrotanti
1301 1981 1472 2032 inser-’

452 2063 618 2127 viens,
658 2063 788 2113 hunc
822 2077 851 2112 a
890 2061 1110 2126 lethargo
1147 2061 1336 2128 erigere
1369 2063 1467 2114 non'

455 2152 707 2196 tentasset.
734 2143 830 2195 En.
846 2172 914 2182 -—
933 2141 1026 2194 hoc
1046 2137 1227 2212 pacto,
1261 2145 1353 2196 hae
1382 2163 1468 2196 ra·—

458 2227 609 2278 tione.
639 2253 709 2264 —-
732 2242 957 2275 metuam
987 2227 1119 2293 poni
1142 2225 1325 2296 jubet,
1372 2237 1464 2278 etc.

457 2308 785 2376 Lepidissime
804 2317 854 2358 et
870 2308 931 2358 sd
950 2311 1231 2373 aegrotantis
1257 2309 1469 2361 indolem

458 2393 955 2444 accommodatissime
984 2390 1189 2458 fingitur
1220 2409 1248 2450 a
1285 2395 1472 2448 medico

462 2475 652 2525 nullum
696 2474 831 2525 aliud
874 2474 936 2525 ad
981 2475 1288 2527 excitandum
1339 2479 1473 2530 avari

426 2573 441 2580 ·
462 2559 680 2610 animum
710 2557 977 2609 remediu’m
1006 2561 1214 2612 inveniri
1236 2563 1471 2629 potuisse,

460 2658 607 2711 quam
627 2642 669 2692 si
688 2643 967 2693 amittendae
987 2646 1205 2711 pecuniae
1224 2651 1381 2698 metus
1398 2647 1475 2698 in-

463 2726 716 2792 jiceretur.
738 2727 835 2777 Eo.
850 2757 919 2766 —
933 2727 1177 2778 hominem
1201 2731 1276 2780 sic
1296 2729 1471 2798 engre‘t,

466 2810 558 2861 hac
595 2828 647 2862 re
682 2811 867 2874 eflicit,
908 2822 964 2862 ut
1004 2813 1175 2875 bomo,
1202 2831 1231 2865 e
1256 2812 1475 2880 lethargo

462 2893 701 2945 excitatus
720 2930 735 2956 ,
773 2905 915 2962 caput
946 2911 975 2945 e
1007 2894 1132 2946 lec'to
1163 2895 1373 2947 exserat.
1406 2923 1475 2933 —

468 2973 609 3026 addit
631 2989 679 3026 et
701 2973 841 3026 illud
848 3011 867 3036 ,
889 2979 1041 3044 qnu‘m
1062 2977 1163 3042 jam
1196 2993 1307 3028 eum
1340 2993 1369 3028 e
1400 2977 1479 3028 le·

466 3060 635 3126 thargo
654 3061 916 3112 excitatum
932 3059 1083 3118 videt,
1102 3057 1173 3109 sie
1190 3059 1473 3132 alloquitur.

468 3141 565 3194 En.
584 3171 655 3182 -
674 3143 757 3194 Ni
771 3155 861 3193 tua
890 3139 1141 3200 custodis,
1172 3142 1270 3192 nisi
1300 3159 1481 3210 expers

468 3227 667 3294 gisceris
684 3265 696 3288 ‚
716 3225 811 3277 nisi
836 3225 1055 3276 animum
1084 3223 1307 3274 intendas
1330 3233 1379 3274 et
1396 3241 1483 3275 ve·

470 3320 666 3360 ternum
688 3307 914 3376 repellas,
932 3306 993 3356 ad
1010 3305 1350 3357 custodiendas
1366 3321 1483 3372 opes

472 3403 605 3458 tuas,
627 3391 797 3443 avidus
820 3391 977 3441 haeres
1000 3389 1088 3440 has
1114 3389 1289 3456 rapiet.
1314 3385 1408 3440 En.

551 3482 671 3527 ¹⁸3.
706 3473 851 3524 Men'
874 3469 1030 3523 vivo?
1054 3473 1199 3521 verba
1219 3479 1333 3521 sunt
1354 3467 1484 3539 Opi-

476 3560 564 3612 mii
581 3597 597 3624 ,
616 3575 644 3610 e
662 3557 884 3622 lethargo
914 3563 1155 3621 surgentis
1169 3591 1184 3614 ,
1205 3553 1457 3622 nesciique
1470 3591 1485 3620 ,

475 3659 539 3695 an
566 3643 727 3694 adhue
746 3641 851 3692 vita
879 3639 1087 3703 fruatur,
1110 3645 1225 3700 aut,
1246 3638 1289 3688 si
1316 3637 1487 3701 malis,

474 3724 733 3779 irascentis
753 3760 767 3785 ,
812 3723 1255 3792 interrogantisque
1282 3741 1295 3774 ι
1346 3737 1490 3774 mene

476 3807 637 3860 adhue
672 3807 867 3860 vivente
906 3823 962 3858 ae
1002 3795 1269 3874 superstite
1292 3842 1307 3867 ‚
1352 3819 1487 3856 meos

476 3887 603 3942 mihi
624 3901 849 3938 nummos
868 3888 1027 3939 hares
1048 3885 1273 3940 auferet?
1296 3882 1392 3937 En.
1417 3913 1489 3925 --

480 3971 555 4024 Ut
583 3971 729 4023 vivas
765 3971 944 4040 igtur,
980 3970 1177 4039 vigila,
1226 3969 1490 4039 respondet

476 4057 719 4112 medicus:
744 4054 829 4106 sed
851 4052 902 4105 in
919 4071 997 4119 eo,
1014 4071 1113 4122 qno
1126 4069 1257 4106 nune
1270 4063 1486 4114 astam,

1532 1559 1751 1625 lethargo
1773 1557 1959 1610 scilicet
1979 1573 2260 1626 oppressus.
2282 1555 2364 1608 vix
2380 1556 2542 1613 vivere

1533 1643 1747 1706 viderim
1789 1654 1852 1692 ut
1881 1642 2028 1692 vivas
2071 1642 2248 1709 igitur,
2284 1649 2340 1691 ut
2375 1639 2544 1712 morbo

1533 1727 1765 1779 libereris
1779 1764 1796 1792 2
1812 1727 1982 1796 vigila
1994 1762 2013 1788 ,
2039 1743 2262 1778 somnum
2283 1733 2548 1797 excute..—

1535 1808 1635 1861 Ιιοσ
1658 1825 1777 1878 age,
1803 1810 1898 1860 hoc
1920 1809 2014 1864 tibi
2034 1809 2113 1861 vel
2134 1811 2345 1861 maxime
2369 1808 2435 1860 sit
2456 1826 2550 1860 cn·

1539 1911 1622 1959 τω,
1640 1913 1708 1947 se.
1737 1904 1791 1946 ut
1813 1893 1968 1955 vivas3
1993 1895 2146 1962 possis
2163 1893 2356 1962 quoque
2378 1895 2450 1945 sic
2466 1910 2550 1945 ex-

1538 1978 1749 2046 plicare:
1773 1979 1988 2030 medicus
2016 1977 2202 2036 accedit
2224 1977 2285 2032 ad
2307 1976 2551 2044 lethargi-

1537 2080 1665 2129 cum,
1688 2075 1739 2116 et
1761 2061 2077 2125 medic-amem
2099 2063 2228 2128 quod
2253 2059 2550 2116 commemo-
2573 2105 2592 2116 ,

1543 2156 1680 2198 ratur
1705 2148 1756 2198 in
1773 2165 1819 2198 v.
1846 2155 1975 2211 18⁸,
2004 2146 2050 2196 ei
2079 2145 2331 2212 porrigens
2351 2182 2367 2204 ,
2389 2143 2512 2194 dicit
2533 2161 2563 2203 ε,

1543 2229 1634 2282 hoc
1657 2249 1772 2300 age.
1796 2231 1887 2284 hoc
1907 2246 2045 2279 sume
2065 2247 2078 2291 ;
2107 2228 2414 2279 saventcerte
2433 2227 2552 2284 huic

1543 2313 1852 2382 explicationi
1881 2311 2152 2385 sequentia.
2177 2337 2246 2347 —
2265 2301 2414 2374 Quid
2435 2309 2551 2370 vis,

1542 2397 1662 2467 quid
1697 2413 1775 2448 me
1805 2397 1962 2446 facere
1989 2392 2175 2459 jubes?
2198 2391 2334 2464 Quid
2364 2393 2455 2445 tibi
2479 2395 2554 2446 vis

1543 2498 1654 2532 cum
1682 2477 2042 2537 medicamine?

1623 2577 1740 2617 183.
1775 2559 2039 2636 Deficient
2067 2562 2261 2636 inopem
2291 2580 2445 2615 veaoe
2475 2576 2552 2624 te,

1547 2645 1675 2699 vires
1701 2655 1748 2698 te
1771 2647 1998 2696 miserum
2023 2655 2075 2695 et
2098 2645 2208 2717 opis
2226 2647 2444 2712 egentem
2463 2643 2555 2696 ‹le-

1547 2731 1728 2795 sicient,
1749 2729 1820 2792 ni,
1840 2737 1933 2779 etc.
1953 2728 2162 2794 Egregie
2180 2745 2298 2786 sane
2315 2739 2452 2796 poeta
2473 2744 2558 2778 ex-

1549 2815 1725 2884 pressit
1752 2829 2023 2864 sermonem
2043 2850 2058 2875 ‚
2093 2829 2192 2881 quo
2221 2813 2393 2866 medici
2429 2811 2560 2880 apud

1548 2907 1749 2962 aegrotos
1775 2897 1848 2947 nti
1873 2896 2123 2949 solent.-
2139 2895 2334 2966 Ingens
2335 2895 2475 2970 fult.
2498 2893 2562 2954 de

1549 2997 1626 3042 eo,
1643 2979 1772 3048 quod
1790 2979 2088 3031 stomachum
2115 2980 2273 3038 fulcit,
2299 2988 2558 3040 sustentat,

1549 3064 1845 3116 corroborat.
1859 3061 1982 3128 Alii,
1995 3063 2204 3118 instans,
2211 3077 2460 3134 pneseas,
2475 3059 2562 3131 sed

1550 3163 1648 3197 non
1676 3146 1848 3213 placet.
1877 3145 1972 3194 Eo.
2015 3142 2280 3204 Commode
2306 3141 2564 3194 Bentleius

1550 3238 1800 3294 comparat
1819 3225 2016 3278 Lucret.
2041 3225 2115 3290 11,
2138 3235 2160 3275 ¹
2177 3233 2271 3277 ¹⁴¹1
2291 3244 2304 3276 ε
2327 3244 2353 3270 et
2371 3223 2438 3275 Et
2462 3225 2564 3277 rul-

1553 3311 1656 3364 cire
1684 3311 1811 3362 cibis
1844 3321 1990 3380 atque
2020 3309 2184 3360 omnia
2206 3318 2514 3377 sustentare¹²
2535 3331 2562 3358 ιι

1557 3405 1609 3447 et
1629 3395 1731 3461 w,
1758 3404 1855 3448 868
1877 3413 1889 3447 ε
1922 3414 1948 3442 α
1972 3393 2237 3461 Propterea
2259 3395 2460 3464 cupitur
2483 3397 2568 3450 σι’·-

1559 3477 1674 3536 bm,
1691 3487 1749 3528 ut
1761 3475 2036 3544 suffulciat
2051 3487 2204 3528 artus.
2223 3497 2250 3526 ι»
2263 3475 2438 3533 Colum
2447 3477 2567 3539 .VI,

1561 3569 1629 3611 u
1657 3577 1671 3609 t
1711 3579 1738 3606 α
1763 3557 1954 3611 Vinum
1996 3576 2190 3631 quoque
2235 3561 2570 3628 potentissime

1559 3644 1719 3695 reficit
1753 3652 1802 3694 et
1812 3642 1986 3714 fulcit
2012 3659 2175 3695 venas
2198 3640 2512 3714 deficthnoes.
2539 3663 2567 3691 ι»

1564 3755 1624 3765 -——
1641 3727 1832 3787 ruenti,
1855 3735 1925 3779 se.
1951 3730 2015 3779 ad
2039 3727 2318 3789 interitum,
2345 3727 2396 3779 in
2421 3727 2574 3780 mise-

1561 3826 1668 3861 mm
1690 3819 1888 3877 statum,
1914 3828 2004 3879 pro
2025 3829 2038 3860 :
2063 3809 2337 3875 deficienti,
2359 3809 2572 3876 infirmo,

1561 3891 1988 3944 aoeommodatead
2002 3907 2167 3946 vocem
2161 3891 2404 3962 fultum.
2422 3891 2574 3943 Silius

1561 3973 1674 4026 Ital.
1703 3973 1783 4025 xl
1802 4012 1819 4038 ,
1861 3984 1963 4027 2³4
1987 3992 2002 4025 ε
2045 3993 2073 4022 σι
2097 3973 2304 4027 Solusne
2340 3987 2575 4026 ruemem

1563 4053 1771 4108 Fulcire
1813 4067 1864 4108 et
1903 4073 2131 4110 revocare
2171 4073 2312 4124 pares
2347 4071 2377 4107 a
2404 4055 2577 4110 funere
