3000 4684
512 381 653 454 508
1290 383 1815 453 EXCURSUS

502 519 694 576 nullus
724 519 847 576 fere
872 517 1043 588 ordo,
1066 517 1228 576 nulla
1260 517 1382 576 fere
1408 519 1480 574 sit
1496 537 1696 576 rerum
1718 518 1890 576 series
1921 519 2286 595 partiumque
2305 521 2606 594 junctura,

502 615 618 669 sive
654 625 905 689 tempuS,
942 614 1059 670 sive
1104 612 1333 670 auctori
1362 613 1626 670 voluntas
1663 613 1928 672 desuerit.
1963 616 2202 672 Frustra
2233 616 2406 690 igitur
2442 617 2604 674 docti

502 709 845 766 insudarunt
862 711 1001 779 viri,
1022 724 1113 781 ut,
1136 713 1197 769 in
1225 713 1584 788 explananda
1605 712 1708 768 ista
1725 713 1802 770 ad
1821 714 2052 770 Pisones
2076 712 2358 788 Epistola,
2389 713 2598 788 pedem

504 816 560 860 et
584 818 756 880 caput
783 807 889 862 uni
908 805 1108 864 fonuae
1138 807 1474 864 redderent:
1494 827 1614 882 quo
1647 809 1708 864 in
1731 808 1929 866 labore
1949 809 2050 864 cel.
2076 809 2338 865 Heinsius
2359 820 2591 884 tempo-

502 904 583 960 ris
606 905 853 962 multum
882 917 1055 981 atque
1080 906 1225 976 olei,
1253 925 1345 964 me
1370 907 1596 980 judice,
1637 908 1920 982 perdidit:
1943 927 2274 984 quanquam
2315 918 2601 983 praecepta

502 999 621 1056 sine
649 1001 852 1058 ordine
888 1013 946 1058 et
982 1013 1108 1058 arte
1140 1003 1331 1060 amicis
1358 1001 1598 1071 tradita,
1637 1015 1705 1058 ut
1735 1004 1846 1062 fert
1885 1004 2032 1061 illud
2065 1003 2357 1062 scribendi
2381 1021 2602 1078 genus,

500 1097 715 1154 nullius
734 1099 973 1156 Veneris
1000 1119 1119 1156 esse
1142 1119 1309 1178 nego.
1344 1099 1465 1178 (Ex
1489 1101 1761 1156 Dacium
1789 1101 1992 1180 notis.)
2025 1103 2130 1158 En.

1140 1347 1467 1408 Excnasus
1496 1347 1594 1422 11,
1627 1365 1797 1408 vers.
1841 1346 1948 1407 32.

528 1497 857 1562 ,Emiliam
886 1500 1051 1562 cci-ca
1072 1497 1487 1588 ludumsaber
1508 1497 1699 1574 imus»,
1723 1509 1784 1560 ee
1807 1519 2036 1582 ungues
2051 1499 2386 1586 Exprimec
2396 1547 2419 1576 ,
2449 1513 2565 1563 eto.

584 1679 829 1738 Crucem
856 1681 1265 1758 interpretibus
1286 1680 1441 1750 fixit,
1466 1681 1570 1756 qui
1594 1679 1779 1748 dedit,
1787 1678 1978 1750 saber·
1999 1681 2184 1736 imus.-
2213 1680 2290 1735 ita
2317 1679 2378 1734 in
2397 1695 2602 1736 omnes

504 1788 693 1850 partes
739 1798 798 1836 se
841 1791 1075 1836 vertunt
1094 1821 1111 1850 ‚
1160 1780 1221 1836 in
1269 1797 1465 1836 caussa
1507 1779 1601 1835 vel
1651 1776 1932 1846 nominis,
1973 1776 2072 1834 vel
2115 1775 2352 1851 epitheti
2387 1775 2594 1850 exqui-

502 1878 701 1933 renda.
720 1881 933 1948 Imum,
961 1881 1147 1955 inquit
1164 1880 1556 1956 Porphyrion,
1575 1879 1686 1935 hoc
1703 1890 1812 1947 est,
1840 1878 1902 1934 in
1921 1881 2138 1954 angulo
2157 1879 2286 1934 ludi
2301 1878 2598 1935 tabernam

502 1973 819 2032 habentem.
848 1981 1045 2034 Acron
1076 1997 1286 2035 nomen
1312 1978 1615 2052 proprium
1645 1974 1742 2032 hic
1777 1975 2014 2050 accipit3
2041 1975 2200 2049 quod
2233 1986 2290 2032 et
2323 1975 2382 2030 in
2413 1993 2596 2031 mem-

504 2071 701 2133 branis
724 2093 871 2149 saepe
904 2075 1053 2131 iuter
1089 2077 1267 2132 lineas
1298 2075 1634 2132 adnotatum
1663 2072 1818 2129 vidi:
1855 2074 1969 2128 alii
1989 2085 2182 2128 tamen
2197 2111 2218 2138 ,
2249 2071 2468 2144 inquit,
2501 2071 2598 2124 de·-

508 2182 643 2224 cunt
666 2171 855 2226 Imum
868 2211 888 2239 ‚
930 2173 1145 2230 brevem
1156 2194 1181 2242 ,·
1212 2173 1325 2230 alii
1334 2213 1350 2242 ,
1388 2173 1449 2228 in
1486 2185 1754 2228 extrema
1773 2182 1946 2246 parte
1971 2171 2097 2224 ludi
2105 2169 2382 2243 positum.
2417 2168 2599 2224 Extra

506 2265 615 2322 hos
634 2269 917 2325 cancellos
934 2288 1057 2325 non
1082 2270 1277 2344 egredi
1304 2271 1521 2327 audent
1545 2270 1921 2326 recentiores:
1945 2285 2049 2324 nec
2067 2266 2124 2322 id
2141 2265 2378 2332 mirum;
2408 2281 2594 2336 quum

508 2381 693 2435 neque
716 2363 788 2418 de
816 2364 1085 2434 homine,
1113 2385 1303 2440 neque
1332 2367 1405 2423 de
1432 2367 1650 2441 angulo
1674 2367 1778 2424 illo
1805 2365 1922 2422 ludi
1949 2381 2100 2419 nunc
2125 2361 2434 2436 quicquam
2461 2379 2596 2416 am-

506 2460 657 2532 plius
684 2459 854 2516 detur
882 2461 1202 2520 resciscere.
1242 2463 1335 2520 Tu
1375 2481 1548 2531 vero,
1590 2462 1884 2521 contemtis
1915 2461 2002 2518 his
2029 2460 2260 2544 naeniis,
2293 2459 2602 2520 sicveram

510 2568 566 2612 et
590 2568 839 2613 veterem
868 2559 1171 2618 lectionem
1199 2561 1318 2618 huc
1350 2579 1592 2630 revoca,
1627 2561 1862 2623 minima
1893 2559 2236 2618 mutatione:
2263 2583 2289 2610 ι
2309 2557 2604 2616 AEmilium

509 2656 657 2711 circa
686 2656 889 2714 ludum
916 2658 1078 2716 faber
1102 2680 1247 2716 unus
1276 2672 1331 2717 et
1356 2679 1582 2736 ungues
1609 2660 1935 2736 Exprimet,
1975 2671 2032 2714 et
2065 2656 2268 2714 molles
2293 2656 2606 2712 imitabitur

512 2771 621 2808 aere
640 2755 903 2829 capillos,
932 2758 1137 2814 Infelix
1169 2759 1363 2834 operis
1386 2777 1623 2814 summa.
1649 2782 1673 2808 n
1705 2757 1864 2812 Unus
1893 2757 2148 2812 omnium
2176 2755 2397 2828 optime
2423 2753 2600 2828 capil-

513 2851 603 2908 los
638 2864 694 2908 et
726 2871 943 2930 ungues
978 2858 1291 2931 exprimet,
1322 2867 1510 2913 cetera
1546 2874 1686 2912 vero
1725 2855 1986 2914 membra
2023 2865 2080 2910 et
2113 2864 2288 2908 totam
2315 2851 2462 2908 adeo
2493 2862 2602 2907 stav-

515 2960 669 3006 tuam
702 2969 921 3026 ponere
946 2973 1067 3010 non
1094 2955 1322 3030 poterit.
1351 2954 1510 3024 Quid
1535 2953 1744 3010 clarius
1777 2952 2095 3010 certiusve?
2127 2950 2434 3023 Eleganter
2463 2949 2604 3006 illud

516 3065 665 3102 unus
692 3048 769 3104 sic
798 3053 939 3125 poni
962 3053 1125 3108 solet.
1155 3055 1363 3111 Noster
1390 3056 1573 3110 Serm-
1596 3053 1656 3120 1,
1683 3069 1772 3118 10,
1800 3069 1853 3105 v.
1889 3057 1997 3116 [με
2021 3075 2045 3100 α
2063 3052 2282 3123 Arguta
2311 3045 2608 3103 meretrice

512 3155 705 3216 potes,
734 3147 1013 3221 Davoque
1035 3149 1340 3206 Chremeta
1372 3149 1652 3205 Eludenve
1680 3165 1868 3205 senem
1897 3145 2074 3202 comis
2101 3144 2328 3220 garrire
2357 3143 2602 3210 libellos,

522 3242 683 3300 Unus
713 3246 1013 3315 vivorum,
1060 3249 1339 3306 Fundani.
1364 3274 1388 3300 n
1430 3248 1619 3324 Epod.
1659 3249 1750 3316 11,
1793 3247 1858 3316 3,
1889 3265 1943 3300 v,
1979 3251 2093 3310 24:
2131 3269 2157 3294 «ι
2185 3244 2403 3300 Hortos
2437 3257 2602 3314 egre-v

514 3340 745 3414 giasque
781 3343 985 3399 domos
1014 3345 1322 3402 mercarier
1360 3364 1512 3400 unus
1545 3345 1688 3402 Cum
1721 3343 1890 3398 lucro
1925 3359 2150 3398 noram.
2173 3363 2199 3390 υ
2235 3338 2418 3413 Epod.
2451 3335 2564 3392 ΧΠ
2587 3355 2604 3390 t

516 3465 539 3490 α
556 3443 815 3516 Namque
840 3443 1091 3517 sagacius
1115 3463 1261 3500 unus
1288 3445 1532 3502 odoror.
1551 3467 1575 3490 v·
1604 3445 1796 3519 Nepos
1823 3441 1882 3496 in
1903 3441 2170 3496 Cimone:
2195 3463 2220 3488 c
2239 3439 2438 3506 Quum
2465 3451 2612 3489 unus

518 3543 580 3598 iu
609 3542 832 3598 civitate
864 3544 1105 3600 maxime
1144 3543 1395 3602 floreret.
1420 3569 1444 3595 υ
1485 3544 1687 3620 Virgil.
1717 3545 1846 3600 AEn.
1876 3541 1966 3608 ΙΙ,
2005 3539 2116 3605 426
2141 3559 2155 3594 :
2187 3563 2212 3588 α
2241 3536 2396 3593 cadit
2421 3545 2476 3591 et
2501 3531 2611 3588 Ri«

516 3641 753 3716 pheus„
770 3643 1107 3716 justissimus
1152 3665 1301 3702 unas
1346 3646 1461 3716 Qui
1506 3644 1615 3700 fuit
1655 3645 1714 3698 in
1756 3641 2024 3708 Teucris,
2065 3652 2122 3695 et
2161 3631 2609 3695 servantissimus

520 3741 688 3814 aequi.
716 3767 741 3792 υ
774 3742 891 3799 Ubi
931 3755 1087 3800 recte
1126 3744 1398 3802 Servius:
1442 3768 1466 3795 ι
1494 3761 1642 3798 unus
1681 3759 1804 3797 non
1845 3740 2037 3806 solus,
2079 3737 2178 3794 sed
2217 3732 2550 3810 praecipuus·
2587 3749 2614 3774 ¹·

520 3839 677 3913 Ergo
704 3841 868 3900 faber
888 3843 1007 3912 iste,
1038 3845 1297 3902 omnium
1325 3843 1560 3920 optime,
1587 3839 1896 3915 praecipue,
1925 3836 2095 3893 unice
2119 3850 2334 3908 ungues
2349 3839 2406 3884 et
2425 3825 2614 3882 crium

524 3937 903 4010 exprimebat,
937 3941 997 3995 in
1026 3943 1225 3998 ceteris
1254 3940 1570 3999 deficiebat.
1606 3936 1775 3993 Tolle
1805 3953 1949 3992 vero
1981 3931 2326 3990 vocabulum
2351 3940 2527 3988 unu-53
2555 3932 2618 3976 et

520 4033 855 4088 sententiam
894 4037 1075 4110 ipsam
1106 4057 1221 4093 una
1254 4057 1434 4112 opera
1476 4034 1784 4094 sustuleris.
1817 4033 1974 4103 Quid
2011 4031 2164 4088 enim
2201 4039 2286 4084 est
2311 4022 2623 4096 Exprimet

526 4128 784 4193 ungues?
811 4131 925 4196 Qui
954 4132 1093 4186 scias
1130 4151 1199 4188 ex
1236 4133 1375 4202 isto,
1412 4145 1606 4191 utrum
1643 4130 1863 4188 affabre
1893 4142 1950 4187 et
1983 4131 2302 4204 eleganter,
2329 4141 2400 4180 an
2435 4137 2626 4177 crassa
