3000 4684
1020 370 1202 436 Lm.
1254 369 1353 454 11,
1404 366 1594 436 sAT.
1647 370 1744 479 {¹¹-

2295 371 2424 456 145

328 506 557 596 Quam
592 528 771 574 nuuc
800 505 1051 576 accisis.
1086 505 1337 576 Videas
1371 519 1623 575 metato
1655 507 1728 574 iu
1761 505 1976 601 agello

331 625 503 694 Cum
539 647 782 718 pecore
814 638 883 692 et
915 623 1135 719 gnatis
1167 622 1413 693 fortem
1448 622 1760 692 mercede
1793 621 2138 710 colonum,

2317 623 2426 680 115

330 769 367 803 ιι
392 741 553 810 Non
589 765 752 836 ego,
787 755 1210 830 narrantem,
1246 757 1499 811 temere
1535 739 1648 834 edi
1681 739 1828 810 luce
1860 741 2154 835 profesta

334 856 727 952 Quidquam
762 872 1007 953 praeter
1039 856 1182 927 olus
1216 857 1489 927 fumosae
1522 881 1674 927 cum
1707 856 1880 950 pede
1909 882 2154 950 pernae.

333 978 433 1046 Ac
466 976 675 1066 mihi,
709 999 825 1045 seu
863 973 1137 1072 longum
1174 991 1329 1069 post
1365 991 1625 1070 tempus
1662 979 1935 1043 <fenerat
1963 975 2239 1070 hospeS‚

334 1094 489 1164 Sive
522 1119 808 1190 operum
844 1118 1055 1165 vacuo
1090 1109 1319 1190 gratus
1354 1093 1632 1163 conviva
1665 1119 1790 1187 per
1821 1093 2110 1162 imbrem

333 1210 649 1300 VicinuS,
685 1211 859 1280 bene
894 1227 1073 1299 erat,
1107 1234 1245 1279 non
1280 1210 1572 1305 piscibus
1602 1209 1772 1278 urbe
1806 1209 2066 1303 petitis,

2325 1228 2434 1266 120

336 1327 468 1398 Sed
500 1328 699 1426 pullo·
719 1345 917 1425 atque
949 1329 1189 1419 hoed0;
1224 1344 1371 1398 tum
1403 1325 1676 1422 pensilis
1710 1352 1836 1395 uva
1870 1325 2191 1396 secundas

332 1453 420 1520 Et
455 1476 591 1520 nux
623 1452 913 1521 ornabat
944 1475 1210 1520 mensas
1244 1474 1397 1519 cum
1435 1446 1700 1541 duplice
1733 1446 1882 1515 ficu.

338 1650 434 1702 bus
445 1687 461 1710 .
483 1653 663 1722 opibus
678 1669 801 1721 quas
821 1652 1033 1718 integras
1056 1661 1172 1704 tunc
1184 1651 1352 1722 possi-

1428 1666 1574 1702 causa
1583 1687 1594 1701 .
1619 1647 1788 1716 Ep.—·-
1801 1647 1918 1699 luce
1925 1645 2171 1716 profi-sta,
2195 1646 2301 1698 dies
2312 1664 2438 1716 pm·

335 1734 505 1786 debat.
525 1734 867 1786 En.-nunc
886 1735 1089 1794 accisis,
1112 1735 1357 1785 immiuu-
1408 1732 1554 1803 sesti
1590 1743 1905 1804 opponuntur
1949 1732 2124 1782 diebus
2171 1729 2310 1782 festis
2328 1769 2342 1794 ,
2387 1741 2443 1781 ut

336 1816 425 1868 tis.
446 1817 546 1867 En.
572 1845 643 1856 -—
662 1813 885 1874 Videas,
910 1817 1079 1868 videre
1106 1815 1199 1866 tibi
1230 1831 1359 1867 nunc

1431 1819 1553 1870 infr.
1583 1817 1686 1868 Sat.
1719 1829 1767 1879 3,
1796 1827 1924 1867 14⁴:
1949 1814 2090 1880 «Qui
2107 1815 2440 1866 Veientanum

340 1917 459 1952 eum
478 1900 681 1966 iacebam
706 1911 885 1950 memo
908 1901 965 1949 fn
983 1901 1169 1971 030110.
1193 1887 1353 1952 sefion.
1414 1900 1571 1971 fisus
1590 1910 1758 1970 potare
1785 1899 1963 1951 diebus
1989 1897 2238 1965 campana
2271 1897 2445 1948 somus

341 1981 463 2036 Aer.
508 2003 536 2031 α
564 1983 665 2037 Iste
697 1984 893 2036 Ofellus
918 1985 1218 2054 pmscriptus
1251 1993 1325 2036 est
1342 2022 1356 2050 ‚

338 2067 460 2136 quia
484 2077 591 2118 erat
612 2069 663 2118 in
680 2077 821 2135 parte
840 2066 1031 2132 Cassii,
1052 2079 1102 2119 et
1123 2069 1360 2136 possessio

336 2149 449 2218 ejus
490 2151 670 2203 tradita
709 2160 785 2203 est
822 2149 1069 2202 militibus
1104 2149 1351 2217 Augusti,

336 2251 483 2304 quam
504 2233 701 2288 Ofellus
720 2245 890 2304 postea
917 2235 985 2286 ab
1010 2233 1075 2284 iis
1096 2233 1350 2286 conduxit.

338 2318 465 2371 Hinc
480 2329 667 2370 metato
688 2316 917 2386 (passive,
933 2325 993 2369 ut
1010 2333 1143 2385 supr.
1164 2316 1263 2390 0⁶:
1282 2317 1353 2384 11,

346 2413 427 2469 η,
453 2415 533 2464 18,
552 2413 605 2455 et
626 2403 757 2471 apud
776 2403 977 2454 Livium
1000 2400 1194 2466 XLIV,
1218 2403 1269 2468 τ)
1300 2401 1355 2452 in

338 2487 493 2554 agello
510 2489 641 2553 (agri
664 2487 799 2539 enim
820 2485 1009 2555 pertica
1037 2482 1229 2544 metati,
1252 2483 1358 2535 sive

341 2572 403 2622 sd
426 2587 701 2622 mensuram
726 2567 1135 2638 decempeda-um
1165 2577 1357 2620 vetem·

344 2654 425 2704 nis
446 2653 797 2717 tradebamur)
830 2671 963 2706 nunc
995 2669 1121 2720 opus
1149 2651 1360 2704 faciebat

345 2733 499 2786 miser
514 2735 739 2798 Ofellus,
768 2737 829 2787 ab
857 2753 917 2788 eo
932 2775 947 2800 ‚
965 2735 1047 2787 cui
1074 2735 1247 2787 cedere
1270 2735 1359 2787 de-

340 2819 522 2870 buerat
553 2833 721 2884 agrum
759 2834 900 2870 suum
918 2857 935 2882 ‚
972 2819 1197 2872 mercede
1230 2835 1357 2872 con-

339 2900 537 2953 ductus.
565 2920 592 2948 2·
615 2896 919 2967 —fimem,
956 2916 1160 2967 gnavum
1195 2912 1249 2953 et
1268 2919 1355 2956 ro-

339 2985 543 3038 bustum
564 3021 578 3047 ,
622 2984 744 3036 infr.
788 2983 947 3052 Epist.
984 2984 1039 3035 11
1059 3021 1073 3052 ‚
1114 2996 1136 3035 ι
1156 3023 1173 3051 ,
1216 2997 1315 3038 ¹39
1338 3005 1351 3036 ε

344 3087 373 3116 κ
394 3067 637 3136 Agricola
672 3067 857 3137 prisci,
872 3067 1080 3140 jones,
1114 3085 1359 3138 parvoque

340 3153 493 3206 beati.
522 3175 551 3204 ι
576 3154 771 3207 Tibull.
800 3154 891 3221 II,
926 3164 956 3205 2
976 3189 992 3216 ‚
1023 3164 1119 3204 Νι
1149 3171 1175 3199 α
1196 3153 1358 3204 Fortis

340 3246 447 3289 arat
464 3238 627 3291 valido
646 3239 859 3292 rusticus
882 3253 996 3289 arva
1023 3239 1167 3290 bove.
1190 3257 1218 3284 ι»
1242 3237 1357 3288 Vox

341 3331 503 3371 autem
532 3318 819 3389 mafortem
834 3357 853 3382 ,
880 3321 965 3372 hic
991 3337 1089 3373 non
1113 3320 1269 3372 solum
1294 3321 1355 3371 ad

340 3403 561 3470 corporis
576 3414 625 3455 et
636 3407 969 3457 membrorum
983 3403 1081 3456 vim
1098 3403 1357 3456 referenda

342 3486 477 3538 mihi
498 3487 708 3556 videtur,
732 3489 819 3542 sed
839 3488 989 3540 etiam
1010 3489 1070 3540 ad
1096 3487 1251 3539 animi
1277 3505 1358 3540 ro-

344 3571 473 3638 bur,
508 3569 723 3624 adversis
762 3574 909 3626 rebus
949 3573 1155 3624 minime
1193 3572 1353 3624 fracti.

342 3655 441 3706 En.
460 3665 537 3696 ‘—-
556 3654 679 3706 Non
702 3671 812 3726 ego,
839 3667 1158 3712 narrantem,
1179 3667 1359 3706 temere

344 3734 454 3797 edi,
482 3747 579 3790 etc.
625 3738 705 3790 sie
735 3747 995 3791 constme:
1029 3737 1197 3788 videas
1220 3736 1361 3787 illum

345 3821 521 3874 fortem
543 3821 772 3875 colonum
800 3831 1087 3874 narrantem
1108 3819 1239 3882 haec;
1276 3837 1363 3887 ego

1428 1985 1595 2050 trulla,
1609 2001 1910 2054 vappamque
1924 1982 2172 2054 profestis,
2188 2003 2216 2031 n
2233 1993 2284 2033 et
2299 1997 2436 2050 supr.

1428 2069 1528 2123 od.
1565 2069 1663 2136 IV,
1698 2081 1793 2130 ¹5,
1829 2080 2228 2136 23.-pemoe‚·
2259 2065 2438 2133 πέρναι,

1428 2155 1639 2222 πτέρναι
1671 2163 1746 2207 est
1776 2151 2020 2222 petasouis
2049 2169 2162 2220 pars
2192 2151 2442 2204 carnosior

1428 2236 1652 2306 (Athen.
1689 2237 1841 2303 XIV,
1891 2235 2023 2305 75),
2063 2234 2272 2303 pedibus
2303 2233 2438 2302 pomi

1427 2331 1526 2372 tam
1552 2322 1902 2382 anterioribus,
1923 2337 2070 2390 quam
2089 2319 2442 2388 posterioribus

1428 2405 1672 2472 proxima,
1687 2422 1795 2457 cum
1821 2406 1938 2458 totis
1957 2404 2165 2472 pedibus
2180 2401 2434 2471 :fumo-m,

1426 2487 1544 2554 quia
1576 2487 1695 2538 focis
1723 2488 1784 2538 ad
1815 2487 2004 2538 fumum
2027 2503 2261 2554 suspensa
2281 2487 2438 2539 sicca·

1428 2570 1594 2622 batur.
1623 2571 1759 2622 Gall.
1774 2568 2166 2644 jambonsume'.
2193 2570 2291 2622 En.

1507 2665 1625 2707 1¹8.
1669 2655 1910 2722 Longum
1936 2667 2052 2723 post
2084 2669 2282 2725 tempus
2293 2691 2313 2715 ,
2339 2665 2431 2708 etc.

1427 2737 1562 2790 Nota
1581 2739 1686 2788 baec
1708 2727 1876 2806 ici-ba,
1897 2755 1996 2790 non
2013 2738 2124 2789 sine
2139 2739 2332 2792 delectu
2350 2758 2438 2808 po-

1425 2825 1544 2882 sita,
1563 2822 1745 2891 quibus
1765 2821 2010 2872 indicatur
2021 2820 2215 2873 colonos
2233 2833 2284 2874 et
2300 2823 2435 2874 ruri-

1426 2905 1584 2965 colas,
1613 2919 1702 2954 suo
1733 2903 1894 2954 labori
1925 2903 2168 2962 intentos,
2199 2919 2312 2954 raro
2340 2905 2430 2954 iti-

1429 3003 1549 3039 nera
1569 2989 1814 3054 suscipere
1829 3023 1844 3048 ,
1879 3001 1992 3036 raro
2012 2999 2124 3035 suas
2142 2985 2312 3043 domos
2329 2985 2437 3037 lin-

1426 3088 1597 3140 quere.
1619 3071 1716 3121 En.
1734 3099 1804 3109 —
1823 3087 2030 3140 oper-um
2051 3085 2220 3120 vacuo
2229 3105 2249 3130 ,
2277 3070 2402 3120 mihi
2417 3109 2434 3135 ,

1426 3157 1507 3208 cui
1523 3157 1586 3207 ob
1607 3155 1813 3206 imbrem
1835 3154 2031 3206 rusticis
2051 3153 2305 3204 laboribus
2321 3169 2438 3221 ope·
2537 3193 2550 3202 .

1428 3251 1531 3290 ram
1573 3237 1691 3288 dare
1729 3255 1826 3290 non
1867 3237 2062 3288 licebat.
2091 3265 2154 3274 —
2183 3236 2432 3296 Vicinus,

1426 3322 1602 3373 diebus
1633 3323 1766 3373 enim
1801 3321 2036 3390 pluviosis
2069 3320 2219 3372 vicini
2251 3320 2436 3373 vicinos
2517 3347 2524 3354 ·

1428 3406 1481 3457 in
1502 3407 1630 3472 agris
1656 3406 1867 3457 invisere
1888 3406 2064 3456 solent.
2079 3433 2146 3442 —-
2160 3402 2286 3454 bene
2304 3417 2432 3462 emt,

1427 3505 1531 3540 non
1549 3487 1810 3558 piscibus,
1838 3499 1933 3540 etc.
1961 3487 2128 3540 Genio
2148 3487 2440 3553 indulgeba-

1430 3589 1569 3637 mus‚
1607 3589 1705 3622 non
1738 3569 1938 3640 quidem
1981 3571 2042 3620 ad
2078 3569 2282 3637 piscium
2317 3567 2444 3618 urbe

1428 3656 1731 3724 petitorum,
1764 3651 1850 3705 sed
1879 3655 1942 3705 ad
1977 3653 2104 3704 haedi
2138 3662 2288 3720 atque
2320 3650 2443 3720 pulli

1432 3739 1701 3798 ferculum;
1740 3737 1867 3787 bene
1887 3752 1994 3786 csse
2018 3735 2200 3804 aliqua
2222 3749 2277 3784 re
2293 3770 2310 3792 ,
2339 3749 2445 3786 esse

1432 3817 1714 3872 contentum
1731 3819 1936 3884 alicujus
1953 3817 2024 3868 rei
2043 3817 2450 3888 frustm—pullo

347 3905 475 3958 nihil
506 3907 695 3960 wmedi
724 3917 915 3959 temere
942 3906 996 3957 in
1022 3905 1129 3956 luce
1152 3886 1366 3973 profesta
1438 3915 1592 3974 atque
1621 3898 1794 3960 hoedo,
1828 3901 2108 3953 domesticis
2129 3901 2315 3955 scilicet
2339 3901 2453 3954 ani-

345 3987 447 4040 nisi
481 3991 591 4043 olus
628 4002 681 4044 et
713 3989 1025 4044 solummodo
1052 3989 1225 4057 pedem
1252 4005 1366 4058 per-
1441 3983 1682 4044 malibus,
1702 3993 1754 4034 et
1773 3982 1983 4052 dapibus
2004 3983 2253 4053 inemptis.
2277 3985 2451 4036 En.—

345 4089 445 4122 nae.
470 4073 565 4127 En.
583 4103 652 4115 -·
670 4089 879 4134 temere,
906 4073 1071 4140 facile,
1096 4074 1205 4125 sine
1236 4071 1369 4138 gravi
1435 4067 1654 4140 pensilis
1675 4085 1794 4126 τινα,
1815 4083 1906 4119 uva
1927 4085 2160 4137 suspensa
2181 4080 2231 4121 et
2247 4070 2418 4122 siccata
2440 4085 2458 4132 ς

506 4181 621 4217 uos.
654 4185 711 4218 n.
2087 4183 2168 4228 to
