3000 4684
1047 298 1231 379 [ΛΒ.
1284 300 1351 387 1,
1399 299 1589 369 sAr.
1642 300 1771 369 lv..
1796 296 1809 303 ’·

364 443 592 531 Esset,
625 438 1018 533 quaesivere3
1059 436 1239 532 quod
1271 462 1428 507 acer
1459 438 1730 533 spiritus
1762 462 1841 509 ac
1876 440 1974 508 vis

367 562 514 633 Nec
547 557 800 647 verbis,
834 582 958 627 nec
990 556 1192 627 rebus
1223 556 1432 647 inest3
1469 556 1600 627 nisi
1626 555 1811 649 quod
1843 555 2016 651 pede
2046 573 2235 629 certo

366 676 625 746 Differt
658 673 990 765 sermoni,
1022 698 1248 745 sermo
1279 672 1529 743 merus,
1552 713 1651 726 —-
1672 676 1761 745 At
1792 658 1985 769 pater
2014 676 2257 747 ardens

361 796 600 885 Saevit,
633 791 816 888 quod
849 792 1202 863 meretrice
1239 816 1450 886 nepos
1484 793 1759 863 insanus
1794 794 2007 864 amica

367 912 607 1003 Filius,
643 936 924 983 uxorem
963 910 1205 1007 grandi
1241 936 1395 981 cum
1429 910 1587 982 dote
1622 926 1920 998 recuset,

369 1033 612 1101 Ebrius
641 1045 710 1101 et
733 1030 1094 1129 (magnum
1122 1028 1306 1125 quod
1332 1027 1656 1125 dedecus)
1686 1028 1983 1111 ambulet
2010 1047 2167 1100 ante

373 1152 662 1222 Noctem
694 1176 848 1221 cum
876 1150 1155 1221 facibus.
1175 1180 1271 1204 -—-
1294 1148 1644 1244 Numquid
1672 1151 2082 1245 Pomponius
2110 1150 2251 1219 istis

373 1270 656 1342 Audiret
685 1269 973 1363 leviora,
1004 1285 1198 1365 pater
1228 1271 1286 1339 si
1317 1270 1617 1342 viveret?
1646 1272 1829 1365 Ergo
2232 1274 2243 1283 '

373 1390 528 1459 Non
557 1390 716 1459 satis
742 1404 872 1479 est,
899 1389 1088 1484 puris
1116 1414 1383 1463 versum
1413 1388 1831 1483 perscribere
1856 1387 2117 1478 verbis;

372 1509 591 1597 Quem
621 1509 677 1577 si
706 1506 1056 1597 dissolvas,
1089 1509 1308 1603 quivis
1342 1506 1799 1578 stomachetur
1824 1506 2061 1577 eodem
2078 1560 2097 1595 ,
2128 1530 2133 1537 ·

2396 1507 2471 1564 55

367 1628 526 1715 Quo
555 1643 954 1721 personatus
983 1644 1186 1723 pacto
1214 1643 1428 1724 pater.
1465 1627 1619 1715 His,
1644 1651 1771 1721 ego
1798 1650 1943 1720 quae
1974 1650 2180 1714 nunc,

371 1828 509 1897 quod
539 1828 596 1878 in
618 1828 869 1878 comoediis
890 1844 982 1879 nec
995 1829 1180 1890 ⁷«erbis,
1205 1844 1296 1880 nec
1315 1845 1393 1880 re-

373 1914 474 1963 bus
489 1948 504 1976 ‚
525 1926 636 1977 quae
658 1920 880 1975 agantur,
903 1910 1178 1973 sublimitas
1205 1920 1254 1962 et
1279 1927 1391 1977 gra·

375 1994 506 2047 vitas
527 1994 678 2054 inest,
700 2002 753 2044 et
767 1993 898 2063 quod
919 2010 1099 2055 sermo,
1123 1994 1210 2063 qui
1235 1994 1287 2045 in
1304 2012 1390 2045 co-

376 2077 570 2131 moediis
586 2093 779 2136 mer-us,
802 2076 858 2127 h.
885 2093 932 2127 e.
957 2077 1166 2145 vulgaris
1187 2088 1236 2129 et
1257 2096 1384 2148 quo-

377 2162 597 2214 tidianus
627 2170 703 2212 est
719 2199 734 2222 ,
757 2176 786 2211 a
805 2176 1029 2212 sermone
1047 2198 1062 2222 ‚
1085 2178 1184 2229 quo
1209 2164 1261 2213 in
1288 2162 1388 2215 vita

369 2244 616 2299 communi
633 2239 846 2307 utimur,
869 2260 970 2295 non
993 2242 1092 2295 nisi
1115 2254 1248 2297 certo
1265 2245 1389 2312 pede

369 2330 562 2383 differt.
585 2328 880 2396 Opportune
899 2324 1179 2379 Lambinus
1193 2346 1386 2397 compa-

373 2423 450 2467 rat
468 2413 579 2466 Cic.
599 2411 744 2464 Orat.
775 2422 874 2463 20:
898 2430 926 2457 α
942 2411 1084 2463 video
1100 2410 1260 2464 visum
1283 2431 1387 2465 esse

377 2497 629 2550 nonnullis
646 2534 661 2559 ,
685 2494 915 2547 Platonis
943 2505 996 2547 et
1019 2494 1286 2548 Democriti
1309 2496 1386 2549 lo·-

373 2582 646 2642 cutionem,
667 2580 758 2631 etsi
784 2579 915 2631 absit
944 2595 974 2630 a
1003 2595 1167 2642 versu,
1201 2591 1385 2643 tamen,
1435 2588 1442 2595 ‘

377 2664 514 2735 quod
546 2662 794 2715 incitatius
817 2662 1008 2713 feratur
1030 2670 1080 2713 et
1105 2661 1389 2714 clarissimis

377 2749 642 2802 verborum
677 2745 950 2797 luminibus
983 2755 1154 2798 utatur
1168 2782 1185 2813 ‚
1226 2747 1390 2815 potius

378 2850 554 2908 poema
588 2830 850 2901 putandam
866 2867 882 2894 ‚
913 2846 1060 2900 quam
1081 2829 1390 2883 comicorum

377 2928 658 2987 poetarum,
687 2914 818 2982 apud
837 2930 975 2982 quos,
995 2912 1094 2964 nisi
1115 2913 1244 2981 quod
1273 2931 1388 2966 ver-

378 3002 526 3056 siculi
549 3010 664 3053 sunt
681 3038 698 3063 ,
715 2998 842 3051 nihil
866 3010 940 3051 est
957 2998 1093 3051 aliud
1115 2999 1391 3067 quotidiani

377 3086 623 3139 dissimile
641 3084 896 3137 sermonis.
923 3104 950 3131 υ

460 3182 550 3223 48.
605 3172 684 3220 At
703 3180 884 3238 pater,
907 3176 1016 3218 etc.
1055 3156 1285 3233 O‘bjectio
1317 3178 1393 3218 est

379 3254 615 3321 slimjus:
641 3261 695 3304 at
709 3250 971 3307 sententie
993 3261 1092 3301 tnae
1117 3248 1392 3316 «spiritum

381 3356 540 3390 actem
555 3347 608 3390 et
626 3337 728 3389 vim
755 3353 785 3388 a
804 3336 971 3387 verbis
993 3344 1044 3387 et
1066 3335 1216 3385 rebus
1243 3334 1292 3385 in
1309 3350 1393 3384 oo-

383 3422 577 3474 moediis
611 3420 781 3472 abesse
800 3456 816 3483 ,
845 3440 872 3467 ι»
913 3434 1158 3486 opponere
1195 3432 1390 3485 possum

381 3502 662 3572 exemplum
693 3503 827 3553 senis
844 3540 860 3563 ,
882 3501 956 3552 ira
975 3499 1194 3551 ardentis
1216 3510 1268 3551 et
1296 3516 1392 3550 sae-

381 3585 566 3639 vientis
579 3582 877 3653 (Menedemi
891 3599 972 3650 ap.
985 3583 1194 3634 Terent.
1211 3582 1392 3635 Heaut.

383 3670 572 3733 Actv,
593 3669 670 3721 Sc.
695 3668 761 3738 1),
779 3668 912 3738 quod
931 3665 1076 3729 filius,
1096 3684 1252 3737 nepos
1269 3668 1396 3732 (dis-

382 3754 633 3807 solutioris
651 3752 768 3803 vitae
781 3750 1024 3819 juvenis),
1045 3750 1218 3803 insano
1233 3766 1398 3803 amore

387 3838 692 3893 meretricem
727 3838 936 3889 amicam
959 3836 1217 3905 deperiens
1235 3874 1250 3899 ,
1273 3854 1398 3889 uxo·

385 3938 489 3972 rem
536 3938 645 3973 cum
695 3918 873 3987 grandi
921 3918 1036 3971 dote
1085 3930 1273 3971 recinet
1297 3958 1313 3986 ,
1350 3929 1403 3971 et

388 4005 571 4069 ebrius,
591 4012 688 4057 etc.
713 4033 786 4043 -
805 4000 1030 4055 ambulet
1052 4014 1172 4054 ante
1194 4002 1400 4055 Noctem

535 4112 654 4149 801.
689 4112 746 4147 n.

1461 1843 1582 1879 cum
1585 1824 1829 1896 facibus,
1845 1823 1990 1889 vulgo
2009 1840 2107 1875 nou
2126 1834 2242 1875 ante
2263 1834 2474 1885 noctem,
2512 1852 2519 1861 ·

1462 1911 1547 1963 sed
1574 1910 1873 1977 intempesta
1889 1910 2030 1960 'nocte
2048 1917 2157 1976 post
2170 1907 2476 1961 comissatio-

1460 2012 1550 2047 nes
1564 2010 1657 2062 per
1672 1994 1848 2045 urbem
1866 1996 1973 2045 cuii:
2000 1992 2191 2045 facibus
2202 1992 2476 2047 discurrere

1460 2076 1687 2129 solebant
1718 2076 1847 2128 ebrii
1872 2086 1922 2128 et
1948 2076 2115 2128 lascivi
2143 2075 2381 2143 juvenes3
2420 2080 2473 2131 in

1459 2158 1617 2211 multo
1652 2160 1807 2226 majus
1841 2159 1993 2227 igitur
2027 2156 2237 2212 dedecus
2283 2161 2474 2214 incide-

1457 2244 1581 2295 bant
1612 2244 1686 2309 ii,
1721 2246 1808 2314 qui
1836 2246 1938 2311 jam
1967 2256 2083 2297 ante
2118 2255 2307 2298 noctem
2344 2250 2473 2303 ebrii

1457 2344 1569 2379 cum
1602 2329 1793 2381 facibus
1810 2328 2166 2397 ambulabant;
2200 2342 2304 2383 tum
2336 2334 2476 2388 scili·

1459 2422 1536 2463 cet
1548 2429 1639 2465 nec
1654 2412 1867 2474 silentio,
1884 2430 1975 2465 nec
1994 2415 2212 2467 tenebris
2223 2417 2474 2473 celabatur

1459 2496 1687 2551 dedecus.
1704 2496 1805 2549 En.

1535 2593 1622 2634 ⁸2.
1671 2580 1973 2653 Numquid,
2016 2594 2109 2639 etc.
2154 2584 2345 2641 Solutio
2372 2592 2469 2643 ob-

1453 2664 1689 2733 jectionis
1709 2675 1813 2717 est:
1839 2684 1937 2718 non
1954 2680 2084 2745 certe
2103 2668 2331 2725 iracunda
2350 2675 2470 2729 Me-

1461 2750 1660 2803 nedemi
1686 2759 1773 2800 aut
1801 2748 1993 2801 Demeae
2014 2752 2287 2821 objurgatio
2310 2752 2471 2828 poesis

1459 2834 1561 2885 dici
1590 2841 1779 2901 potest,
1800 2849 1890 2884 nec
1906 2833 2007 2885 ullo
2028 2836 2170 2887 modo
2187 2854 2215 2889 a
2237 2840 2471 2897 familiari

1461 2931 1687 2967 sermone
1712 2913 1991 2981 discrepat,
2017 2932 2169 2983 quum
2195 2956 2209 2983 ,
2234 2926 2473 2987 apudnon

1461 2998 1634 3063 etiam,
1650 3013 1748 3048 nou
1768 2997 1934 3047 minus
1945 2996 2105 3049 vivide
2122 2999 2423 3069 Pomponius
2440 3026 2473 3061 a

1463 3092 1635 3153 patre,
1671 3080 1716 3133 si
1758 3082 1979 3144 viveret,
2010 3084 2468 3150 reprehenderetur.

1463 3166 1561 3216 En.
1584 3194 1655 3205 -·
1676 3164 1775 3217 Hic
1795 3164 2095 3233 Pomponius
2110 3204 2126 3233 ,
2164 3185 2310 3237 quem
2333 3176 2471 3241 quasi

1461 3260 1635 3319 sponte
1657 3251 1757 3303 sibi
1773 3251 2107 3303 obversantem
2127 3253 2293 3307 obiter
2308 3258 2474 3311 tradu-

1464 3334 1538 3387 cit
1570 3346 1740 3403 poeta‚
1774 3334 1878 3387 filio
1905 3335 2189 3388 Menedemi
2220 3339 2349 3406 apud
2370 3338 2477 3393 Te-

1465 3421 1682 3472 rentium
1718 3420 1850 3471 haud
1880 3417 2139 3471 dissimilis
2169 3421 2284 3473 fuit.
2304 3450 2373 3463 -ω
2396 3425 2474 3477 le-

1458 3502 1625 3562 viora,
1650 3502 1815 3553 minus
1832 3501 2243 3573 aspera—Ergo
2262 3506 2393 3559 refer
2414 3510 2477 3561 ad

1465 3586 1693 3639 omissam
1718 3586 2044 3637 sententiam:
2072 3604 2099 3632 <t
2119 3596 2170 3637 at
2190 3588 2476 3656 opprobria,

1466 3688 1577 3741 quae
1618 3672 1773 3721 iratus
1808 3680 1949 3739 pater
1984 3670 2035 3719 in
2067 3672 2297 3724 comoedia
2324 3676 2475 3741 jacit,

1469 3773 1570 3807 non
1605 3764 1723 3805 sunt
1756 3754 1903 3804 verba
1939 3752 2226 3807 sublimiora
2252 3758 2328 3827 vel
2360 3778 2475 3829 poe-

1468 3838 1567 3889 tica
1584 3874 1598 3902 ,
1631 3836 1717 3887 sed
1746 3834 1963 3901 vulgaria
1984 3844 2036 3887 et
2048 3852 2189 3903 pura
2198 3875 2217 3899 ,
2236 3853 2291 3893 ut
2308 3845 2477 3897 statim

1469 3920 1719 3983 dicuntur,
1740 3918 1795 3967 b.
1817 3934 1865 3969 e.
1904 3918 2031 3970 nihil
2062 3934 2263 3977 ornatus
2298 3938 2351 3979 et
2376 3908 2484 3981 ele-

1451 4004 1648 4089 ·gantiae
1666 4002 2301 4087 habentia—personatus
2311 4026 2478 4082 pm„

2075 4135 2082 4142 ’
2147 4104 2194 4183 [ι
