3000 4684
1030 413 1225 480 ue.
1281 414 1343 498 1,
1394 413 1586 482 sA‘r.
1637 413 1799 480 ix.-

2315 442 2446 488 {Ob

354 549 647 646 Relligio
684 553 1025 623 ssa—At
1056 551 1192 622 mi:
1226 575 1374 621 sum
1409 548 1612 646 paulo
1643 549 2013 643 infirmior,
2047 580 2216 626 unus

354 668 749 742 Multorum.
780 673 1129 768 Ignosces3
1165 667 1328 740 alias
1362 668 1624 766 loquar.
1643 713 1732 724 -—-
1756 651 2107 742 Hunccine
2137 673 2349 746 solem

353 791 521 860 Tam
556 790 823 886 nigrum
856 815 1131 860 surrexe
1159 787 1363 861 mihi!
1402 791 1604 886 Fugit
1637 791 2020 885 improbus,
2057 816 2136 864 ac
2167 817 2278 863 me

355 908 495 977 Sub
532 905 751 977 cultro
786 907 1052 1003 linquit.
1090 909 1266 978 Casu
1300 909 1485 978 venit
1523 909 1758 979 obvius
1793 907 1892 978 illi

360 1025 838 1119 Adversarius»,
874 1043 943 1098 et
968 1053 985 1096 ε
1012 1027 1170 1120 Quo
1206 1043 1278 1097 tu
1314 1027 1742 1122 turpissime?
1777 1051 2023 1124 magna

358 1143 686 1218 Inclamat
716 1171 921 1238 voce,
953 1162 1055 1234 et,
1090 1147 1284 1217 Licet
1314 1147 1680 1216 antestari?
1715 1149 1864 1242 Ego
1899 1171 2061 1216 vero

362 1264 657 1360 Oppono
690 1259 1079 1336 auriculam.
1114 1265 1322 1360 Rapit
1352 1266 1425 1334 in
1452 1267 1600 1360 jus3
1635 1262 1889 1336 clamor
1921 1268 2267 1362 utrinque3

364 1381 679 1478 Undique
714 1409 1097 1456 concursus,
1136 1384 1247 1456 Sic
1284 1408 1393 1454 me
1430 1385 1722 1454 servavit
1750 1381 2014 1479 Apollo.

368 1615 445 1652 res
468 1599 695 1667 religiosa
712 1602 848 1655 haud
862 1619 995 1656 curae
1015 1611 1107 1670 est,
1128 1603 1202 1655 ait
1222 1603 1385 1657 Hora—

364 1683 728 1754 tius.-—pau10
746 1684 1025 1756 infimior,
1046 1686 1193 1754 paulo
1212 1702 1385 1755 super-

364 1765 627 1828 stitiosior,
640 1767 789 1834 quasi
812 1768 879 1820 ab
902 1767 1098 1820 infirmo
1118 1768 1285 1821 animo
1308 1785 1385 1820 re-

368 1848 587 1916 petenda
634 1851 704 1900 sit
754 1849 1059 1918 superstitio.
1110 1851 1229 1903 Rae
1273 1863 1387 1906 sunt

373 1929 813 1984 Aristii.-Unus
830 1933 1141 1996 Multam,
1164 1945 1221 1987 ut
1236 1937 1386 1988 ceteri

374 2031 405 2067 e
424 2015 585 2083 vulgo.
612 2016 710 2068 En.

450 2109 537 2152 73.
572 2099 739 2152 Solem
762 2113 867 2152 aum
888 2102 1115 2168 mgnum,
1136 2103 1271 2156 diem
1289 2112 1387 2157 tam

370 2181 660 2236 infaustum.
686 2185 999 2238 Exclamatio
1020 2197 1095 2239 est
1114 2187 1314 2241 Horatii
1334 2189 1387 2240 in

366 2285 421 2320 se
437 2268 761 2321 mussitantia.
776 2285 1098 2329 -sumaee‚
1124 2287 1248 2338 pro:
1272 2288 1387 2324 sur·-

370 2353 569 2405 rexisse.
582 2353 850 2405 En.-me
864 2349 979 2403 Sub
996 2352 1161 2404 cultro
1176 2354 1386 2425 linquit,
1436 2351 1443 2358 ’

370 2447 601 2506 tanquam
624 2437 933 2490 mactandam
961 2436 1206 2500 hostiam;
1232 2439 1391 2507 inepti

372 2519 509 2570 enim
528 2520 758 2572 homines
790 2519 1074 2588 importuna
1103 2521 1393 2588 garrulitate

376 2617 627 2672 enecare.
636 2603 715 2656 vel
730 2602 961 2656 ocenum
978 2605 1389 2675 aliquemdicun-

378 2685 719 2744 ture-casu,
736 2685 885 2754 forte,
902 2697 961 2738 ut
977 2703 1125 2756 supra
1137 2705 1183 2740 v.
1196 2687 1389 2741 36.En.

377 2769 567 2830 -5111‘,
590 2770 803 2836 garrulo.
824 2771 922 2824 En.
938 2799 1011 2811 -
1026 2770 1390 2832 Aduo-sanias,

376 2853 587 2923 petitor,
604 2855 694 2924 qui
711 2856 959 2922 garrulum
976 2857 1178 2908 vadatus
1194 2857 1396 2909 erat.—

378 2935 525 2990 licet
542 2939 828 2991 antestari?
847 2939 1027 2993 licetne
1052 2950 1100 2992 te
1118 2951 1293 2994 testem
1316 2943 1395 2994 fa-

374 3019 537 3078 cere?
576 3021 657 3074 his
680 3021 844 3075 verbis
868 3023 1055 3090 petitor
1076 3040 1131 3074 se
1160 3023 1398 3074 convertit

376 3109 443 3162 ad
464 3107 749 3160 Horatium.
784 3106 949 3160 Schol.
969 3104 1087 3160 Acr.
1114 3123 1143 3154 a
1162 3108 1398 3160 antestari

378 3196 417 3245 i.
456 3210 505 3246 e.
542 3201 595 3244 te
631 3201 755 3246 teste
790 3193 867 3243 uti
907 3190 991 3259 (te
1025 3199 1201 3242 testem
1238 3189 1401 3241 facere

377 3277 551 3332 schol.
570 3275 775 3346 Cruq.).
798 3276 931 3328 Nam
952 3275 1059 3327 hec
1076 3283 1185 3328 erat
1200 3289 1401 3326 consue·

378 3362 539 3414 tudo:
579 3361 623 3413 si
654 3361 769 3432 quis
797 3359 975 3412 vadato
1007 3375 1107 3412 non
1130 3357 1401 3426 paruisset,

379 3446 695 3500 adversarius
733 3445 947 3516 aliquem
984 3443 1049 3496 de
1078 3442 1405 3512 praesentibus

1454 1604 1810 1670 antestabatur‚
1844 1605 1896 1656 h.
1921 1622 1968 1657 e.
1993 1606 2220 1672 tangebat
2239 1605 2346 1672 ejus
2369 1621 2460 1656 au·-

1456 1703 1561 1740 rem
1584 1696 1636 1740 et
1653 1688 1877 1740 dicebat:
1912 1687 2094 1742 licetne
2123 1687 2400 1741 antestari?
2422 1688 2464 1737 si

1454 1771 1786 1842 respondisset
1808 1771 1924 1825 ille:
1963 1773 2106 1832 licet,
2131 1781 2246 1823 tunc
2271 1770 2466 1838 injicie-

1454 1857 1543 1908 bat
1558 1856 1759 1909 vadatus
1786 1871 1984 1919 manum
2018 1855 2070 1906 in
2095 1871 2208 1906 eum
2223 1892 2239 1918 ,
2257 1853 2347 1922 qui
2369 1869 2464 1905 non

1454 1938 1727 2006 paruisset,
1769 1949 1822 1992 et
1855 1937 2064 1991 ducebat
2103 1937 2156 1988 in
2191 1936 2430 2004 judicium
2454 1955 2468 1998 ;

1456 2019 1602 2072 aliter
1638 2021 1680 2072 si
1723 2021 1974 2088 injecisset
1997 2037 2226 2080 manum,
2255 2018 2460 2085 injuria-

1460 2120 1572 2156 rum
1591 2113 1782 2172 poterat
1798 2106 2029 2156 accusari.
2047 2123 2138 2153 n—
2152 2105 2357 2175 Oppono
2372 2119 2469 2154 au-

1458 2189 1694 2240 riculam.
1728 2188 1890 2241 Schol.
1912 2186 2030 2241 Aer.
2058 2209 2083 2236 κ
2107 2188 2328 2242 solebant
2349 2185 2477 2258 (qui

1461 2271 1595 2324 litem
1612 2271 1781 2326 aliem·
1796 2268 2136 2340 intendebant)
2164 2271 2362 2323 testium
2382 2288 2469 2322 au-

1462 2369 1542 2405 res
1568 2362 1764 2418 tenere,
1793 2363 1846 2406 et
1877 2355 1945 2406 ita
1975 2355 2168 2408 dicere:
2194 2361 2469 2416 memento,

1460 2435 1594 2504 quod
1614 2447 1668 2488 tu
1694 2438 1821 2490 mihi
1841 2437 1896 2490 in
1916 2437 2002 2490 illa
2018 2454 2162 2490 causa
2179 2437 2318 2489 testis
2341 2438 2470 2500 eris3

1460 2521 1592 2589 quod
1611 2531 1685 2572 est
1701 2523 1961 2574 antestari.
1988 2541 2014 2570 n
2044 2521 2242 2573 Plinius
2261 2520 2349 2572 lib.
2369 2521 2468 2581 xl,

1460 2621 1568 2673 cap.
1589 2616 1707 2672 103,
1727 2603 1798 2676 §2
1814 2622 1828 2656 ε
1842 2605 1972 2658 «Est
1985 2605 2039 2658 in
2053 2624 2172 2658 aure
2187 2605 2284 2658 ima
2297 2622 2475 2657 memo-

1465 2688 1554 2740 rias
1585 2687 1749 2755 locus,
1777 2705 1924 2758 quem
1955 2699 2208 2758 tangentes
2249 2701 2472 2742 antesta-

1464 2789 1596 2824 mur.
1622 2791 1651 2822 ι»
1671 2801 1743 2811 -
1759 2773 1976 2840 Apollo,
2007 2773 2190 2826 dicitur
2209 2773 2291 2826 bic
2308 2773 2471 2826 Hora-

1467 2854 1594 2906 tium
1625 2869 1841 2905 servasse
1857 2890 1872 2916 ‚
1899 2864 1956 2904 ut
1988 2855 2109 2905 deus
2140 2871 2434 2908 averruncus
2455 2895 2468 2917 ‚

1468 2933 1756 2996 ἀλεξίκακος.
1784 2937 1984 2988 Poterat
2017 2947 2180 2988 autem
2213 2939 2446 2990 Horatius
2461 2980 2476 3003 ‚

1466 3031 1526 3074 ut
1555 3031 1728 3090 poeta,
1765 3038 1793 3072 a
1830 3021 1954 3086 deo,
1993 3020 2044 3072 in
2075 3023 2214 3089 eujus
2248 3022 2482 3090 praesidio

1466 3117 1576 3160 erat
1589 3145 1604 3170 ,
1637 3105 1882 3161 auxilium
1901 3117 2200 3175 exspectare.
2229 3105 2482 3162 Heindor-

1471 3192 1564 3243 fius
1594 3201 1842 3261 comparat
1863 3191 2011 3244 Hom.
2036 3191 2186 3244 Iliad.
2207 3191 2326 3253 XX,
2344 3201 2476 3243 ηδε

1472 3275 1552 3327 τὸν
1571 3271 1624 3326 δ’
1640 3275 1913 3344 (Hectorem
1933 3293 2044 3330 cum
2058 3275 2253 3329 Achille
2267 3291 2484 3344 pugnan-

1474 3361 1608 3424 tem)
1648 3356 1900 3430 ἇξτὶρπαξεν
1945 3347 2171 3410 Ᾰπόλλων
2209 3349 2328 3410 Ρεῖσ.
2365 3357 2486 3426 μάλ’

1475 3439 1598 3493 ὥστε
1617 3441 1734 3506 θεὸς,
1756 3439 1954 3508 immin
1972 3439 2026 3494 δ’
2041 3443 2120 3513 ἄρ’
2141 3443 2246 3514 ’ἠέρι
2269 3445 2441 3508 πολλῇ.

454 3755 736 3810 Alaun.
770 3755 1025 3826 Tempore
1038 3773 1140 3826 quo
1156 3757 1350 3810 vivebat
1364 3757 1620 3819 Horatius,
1643 3757 1708 3809 iis
1726 3756 2010 3809 hominibus
2026 3755 2184 3808 Roma
2200 3753 2346 3824 plena
2359 3763 2487 3818 erat,

380 3842 473 3914 qui
492 3839 575 3894 vel
596 3840 907 3908 ingeniosa,
932 3840 1009 3894 vel
1036 3841 1226 3894 artibus
1248 3843 1544 3912 <ictibusque
1565 3840 1796 3907 iucundis
1815 3849 2013 3893 ornatos
2035 3849 2248 3907 agerent.
2286 3837 2493 3908 'rigenti

382 3925 577 3980 adlinet
588 3935 645 3978 et
658 3925 895 3992 aliorum,
908 3925 999 3996 qui
1012 3926 1317 3996 pei-Castris
1334 3929 1539 3995 gratiam
1556 3925 1792 3978 ditissimi
1815 3925 1929 3978 tacti
1950 3934 2108 3990 erant,
2131 3943 2227 3980 non
2245 3925 2411 3992 obliti,
2433 3943 2490 3978 ac

386 4009 664 4078 masmim
684 4019 875 4080 quanta
894 4011 947 4062 in
971 4013 1293 4066 estimatione
1324 4014 1454 4083 apud
1470 4013 1792 4064 Maecenatem
1817 4021 1869 4063 et
1888 4007 2160 4079 Angustum
2183 4013 2342 4084 ipsum
2358 4009 2498 4064 Vir-

386 4099 539 4166 gilius
552 4139 571 4168 ‚
588 4099 789 4154 Varius
818 4111 872 4154 et
902 4101 1141 4156 Horatius
1166 4115 1215 4156 et
1241 4104 1465 4157 nonnulli
1496 4102 1588 4156 alii
1610 4110 1800 4164 essent,
1821 4101 2038 4156 videntes
2052 4142 2066 4164 ‚
2091 4101 2234 4156 multi
2267 4100 2492 4156 homines

2136 4193 2207 4285 7.
