3000 4684
469 538 664 615 paucis
709 538 918 595 ibidem
935 580 952 609 ‚
990 552 1054 595 ut
1099 540 1154 594 in
1197 541 1348 595 notis
1396 540 1468 595 ad
1511 551 1843 597 contextum
1859 580 1876 608 ,
1919 543 2380 616 recognoscendo
2407 567 2419 601 :
2460 546 2557 603 sed

471 637 818 713 praecipuam
839 637 898 692 iu
922 637 1348 715 interpretanda
1367 638 1622 715 Epistola
1642 636 1716 693 ad
1736 638 1988 707 Pisones,
2008 638 2124 701 sive
2146 642 2285 697 Arte
2310 644 2553 711 Poetica,

471 734 820 811 diligentiam
863 734 1264 793 adhibuimus:
1299 735 1465 808 cujus
1506 736 1565 791 in
1602 736 1888 792 Prooemio
1923 736 2290 795 wielandum
2332 758 2560 797 omnem

471 831 878 907 expressimus,
901 844 956 889 et
983 832 1047 888 in
1075 830 1193 889 fine
1223 832 1552 907 quindecim
1577 833 1866 889 Excursus
1884 832 2157 891 collectos
2176 835 2250 891 ita
2272 835 2557 913 disposui-

470 948 634 997 mus,
673 941 738 985 ut
767 930 842 985 ad
867 926 1198 985 difficiliora
1228 928 1404 1001 hujus
1433 928 1704 1005 Epistulae
1734 927 1863 986 loca
1897 930 2253 1005 explananda
2294 934 2524 991 adducti
2540 977 2556 1004 ,

471 1026 713 1101 quisque
734 1045 849 1102 pro
875 1046 980 1083 sua
997 1038 1177 1101 parte,
1204 1026 1485 1095 venerint,
1508 1026 1616 1082 CC.
1639 1027 1891 1095 Gustu,
1909 1028 2157 1097 Dacus,
2177 1030 2247 1084 R.
2269 1030 2563 1099 Burrum,

470 1123 748 1196 Boium,
768 1124 1038 1193 Bos-war,
1058 1124 1693 1195 Duuasaxs,Gmsm,
1712 1124 1992 1193 Dauus,
2004 1123 2227 1183 Eusnnt
2243 1128 2577 1197 Sauum-s,

471 1230 530 1277 et
555 1220 844 1279 liumus.

548 1318 749 1393 Neque
779 1322 1100 1377 Germanos
1133 1329 1354 1375 tantum
1383 1337 1533 1393 quos
1558 1318 1807 1377 diximus
1837 1318 2203 1397 interpretes,
2224 1320 2320 1381 sed
2342 1322 2559 1397 Anglos

470 1414 639 1473 etiam
670 1427 728 1473 et
759 1416 1017 1473 Gallicos
1047 1417 1106 1473 in
1131 1415 1511 1493 periculosam
1536 1416 1749 1475 laboris
1766 1416 1954 1475 nostri
1972 1418 2293 1477 societatem
2312 1418 2556 1477 adscivi-

469 1532 629 1582 mus;
660 1513 811 1577 inter
843 1533 992 1589 quos
1031 1513 1326 1571 Dacierius
1363 1514 1675 1589 prasertim
1710 1532 1921 1591 magno
1954 1516 2169 1575 auxilio
2208 1515 2333 1573 fuit.
2371 1517 2560 1573 Liceat

469 1629 706 1685 quoque
727 1612 1100 1669 Doctissimos
1127 1621 1184 1667 et
1199 1610 1621 1669 ‘amantissimos
1642 1610 1901 1687 collegas
1925 1612 2019 1671 hic
2038 1614 2369 1681 nominare,
2389 1614 2557 1671 Βοιδ-

467 1728 689 1767 somna
703 1750 722 1777 ,
749 1711 782 1767 J
787 1753 800 1766 .
816 1712 886 1767 V.
907 1712 1170 1767 Lucanae
1181 1750 1200 1780 ,
1221 1712 1514 1779 Bmucour,
1536 1712 1921 1780 Auxanum,
1949 1724 2007 1769 et
2025 1713 2173 1771 Eun
2194 1712 2227 1768 J
2231 1730 2559 1781 naaman,

468 1808 570 1885 qui
605 1808 774 1867 nobis
795 1806 1108 1865 identidem
1133 1807 1519 1865 haesitantibus
1544 1807 1873 1865 humaniter
1904 1809 2331 1867 communicare
2346 1809 2555 1867 volue-

467 1917 607 1965 runt
621 1946 640 1974 ‚
667 1924 1043 1983 quaecumque
1061 1906 1334 1963 immensa
1356 1906 1635 1977 eruditio,
1656 1906 1948 1983 ingeniosa
1976 1907 2243 1984 sagacitas
2257 1947 2275 1976 ,
2298 1906 2559 1965 absoluta

466 2023 706 2079 poeseos
743 2015 800 2060 et
833 2004 1182 2077 antiquitatis
1219 2002 1409 2059 latinae
1449 2003 1679 2059 scientia
1708 2022 1815 2079 per
1843 2003 2073 2079 longam
2110 2004 2437 2077 studiorum
2460 2024 2554 2063 se-

469 2101 616 2159 riem
653 2118 969 2175 congerere
1003 2100 1222 2177 potuit!
1264 2113 1398 2157 nam
1436 2119 1625 2177 neque
1646 2101 1869 2175 judiees
1900 2120 2141 2176 usquam
2168 2102 2556 2171 candidiores,

469 2220 656 2277 neque
683 2201 858 2257 duces
876 2220 1118 2277 usquam
1137 2201 1410 2259 ceru'ores
1432 2200 1711 2271 invenias,
1735 2221 1885 2276 quos
1903 2202 2044 2259 dum
2064 2202 2321 2279 sequaris
2336 2243 2353 2271 ,
2374 2204 2559 2261 nulla-

469 2310 634 2357 tenus
661 2318 694 2353 a
725 2308 881 2355 recta
913 2298 1006 2354 via
1033 2297 1312 2356 deflectet.

545 2396 660 2451 Tot
686 2404 744 2451 et
761 2394 931 2451 tantis
951 2394 1282 2453 nominibus
1301 2394 1591 2453 literatum
1606 2395 1881 2467 juvenem
1907 2381 2219 2476 (Boutbon)
2246 2397 2559 2475 gaudemus

469 2492 813 2567 adjungere,
839 2510 1013 2565 quem
1043 2492 1366 2551 laureatum
1385 2493 1691 2551 Academia
1718 2493 2041 2553 Parisiensis
2054 2534 2073 2565 ,
2096 2506 2154 2553 et
2171 2494 2555 2567 jurisconsul-

469 2600 594 2645 tum
621 2588 870 2647 illustres
895 2589 1299 2649 commendant
1327 2591 1604 2649 amicitiae.
1647 2590 1753 2647 Hic
1788 2590 1941 2649 enim
1976 2591 2051 2647 ah
2084 2591 2247 2651 initio
2272 2610 2454 2667 usque
2483 2591 2559 2649 ad

471 2686 687 2743 calcem
711 2686 886 2759 hujus
907 2687 1236 2744 Horatianae
1265 2688 1529 2753 editionis
1554 2689 1629 2745 ita
1658 2688 2137 2759 strenuam-nobis
2167 2689 2394 2747 navavit
2419 2709 2557 2767 ope-

471 2802 628 2853 ram,
656 2796 723 2840 ut
750 2784 922 2841 talem
951 2784 1170 2841 socium
1197 2804 1319 2843 non
1346 2785 1466 2845 siue
1499 2786 1662 2861 gravi
1690 2786 1918 2861 piaculo
1946 2787 2235 2845 tacuerim.

549 2884 849 2940 Postremo
880 2902 1054 2958 quam
1073 2884 1316 2941 maxima
1346 2904 1484 2941 cura
1512 2884 1695 2941 nostri
1716 2886 1902 2941 Poetae
1934 2884 2124 2955 locos,
2148 2886 2197 2943 si
2224 2886 2367 2962 quid
2383 2886 2474 2943 vel
2496 2886 2555 2942 in

469 2979 772 3051 sententia,
810 2981 901 3037 vel
940 2982 998 3037 in
1031 2981 1222 3039 verbis
1262 2982 1427 3039 etiam
1467 2981 1649 3039 simile
1684 2994 2017 3059 appareret,
2057 2983 2229 3039 variis
2257 2995 2557 3041 auctorum

471 3077 611 3133 loeis
640 3080 1016 3147 contulimus,
1047 3080 1148 3153 qui
1174 3082 1374 3137 Graece
1409 3080 1753 3153 Latineque,
1782 3091 1837 3137 ct
1867 3081 1929 3137 in
1954 3081 2154 3158 primis
2180 3082 2395 3139 Gallice
2420 3080 2556 3139 scri-

471 3186 738 3247 psa-unu
770 3176 932 3250 quod
957 3176 1190 3233 Lectori
1215 3186 1272 3233 et
1296 3176 1458 3245 utile,
1490 3188 1547 3233 et
1564 3188 1791 3253 gratum
1815 3178 1969 3251 fore,
2000 3198 2111 3255 pro
2130 3190 2321 3235 nostru
2345 3178 2403 3235 in
2424 3196 2554 3235 eum

470 3270 788 3340 voluntate,
818 3269 1176 3331 confidimus.
1207 3273 1374 3341 Vale,
1403 3285 1458 3329 et
1485 3292 1592 3329 nos
1625 3293 1767 3331 ama.

1992 3440 2059 3493 N.
2095 3439 2157 3493 E.
2194 3438 2257 3493 L.

541 3692 718 3737 Datum
745 3690 960 3754 Parisiis,
983 3690 1166 3742 octobri
1193 3706 1378 3751 meuse,
1407 3695 1554 3742 1831.
