3000 4684
953 372 1329 442 sATmAE
1375 370 1855 443 ROMANAE.
2315 372 2447 466 xvij

361 510 610 607 ipsum
636 528 928 605 quoque
948 503 1043 578 ab
1065 505 1364 603 antiqua
1389 506 1746 602 originem
1767 505 2004 598 duxit,
2030 521 2315 605 tempus
2340 521 2449 579 est

261 616 270 625 ’
360 625 702 699 accedere
723 650 740 693 :
765 646 850 695 ea
865 636 976 696 est
989 648 1150 721 quae
1163 622 1567 720 appellatur
1584 623 1827 694 Satira
1841 626 1918 694 V
1907 627 2315 695 art-oniam
2334 621 2447 693 vel

360 746 797 841 Memppea,
827 740 1029 838 quod
1060 740 1338 839 primus
1363 740 1523 835 ejus
1549 752 1803 811 auctor
1830 754 2013 811 esset
2034 743 2290 831 Varro,
2310 742 2449 809 Ro-

362 882 748 932 manorum
774 856 1267 945 doctissimus,
1283 854 1637 953 quodque
1660 855 1739 925 in
1766 879 1855 926 eo
1878 880 2097 953 opere
2122 854 2447 953 Menippi

365 974 824 1062 GadarensiS‚
854 972 1271 1073 philosophi
1299 972 1585 1069 Cynici,
1622 994 1859 1042 mores
1887 972 2203 1044 imitatus
2235 985 2445 1044 esset.

459 1098 604 1165 Nec
629 1091 786 1187 sola
811 1093 1215 1163 <ruminum
1246 1090 1587 1161 varietate
1620 1090 1841 1161 mixta
1880 1103 1987 1162 est
2026 1090 2159 1163 ista
2192 1090 2447 1179 Satira3

366 1210 586 1281 Varro
613 1208 683 1281 ei
711 1209 1242 1305 interposuerat
1267 1230 1561 1305 prosam
1578 1207 2013 1299 orationem,
2032 1208 2447 1305 promiscuo

365 1325 576 1398 etiam
611 1350 749 1398 usu
784 1326 1014 1399 Graeci
1047 1340 1124 1397 et
1151 1325 1390 1397 Latini
1426 1325 1807 1396 sermonis.
1834 1324 2326 1413 Quintilianus
2355 1325 2447 1397 de

363 1442 618 1515 Lucilii
656 1443 882 1515 Satira
919 1441 1272 1540 loquutus
1307 1439 1554 1511 addit:
1581 1470 1615 1507 α
1639 1439 1957 1513 Alterum
1991 1440 2177 1513 illud
2222 1456 2331 1515 est
2376 1456 2449 1513 et

364 1560 566 1658 prius
595 1562 838 1633 Satirae
870 1584 1132 1656 genus,
1175 1559 1380 1658 quod
1417 1582 1573 1631 non
1614 1559 1851 1632 solum
1874 1562 2291 1633 carminum
2329 1585 2448 1631 va-

363 1678 613 1749 rietate
645 1678 952 1749 mixtum
989 1676 1320 1750 condidit
1353 1677 1731 1749 Terentius
1759 1681 1987 1763 Varro
2004 1732 2023 1767 ,
2051 1680 2163 1750 vir
2190 1684 2448 1751 Roma-

365 1818 636 1865 norum
684 1794 1242 1884 eruditissimus3
1275 1825 1310 1861 n
1355 1818 1442 1867 cu
1443 1795 1563 1891 jus
1608 1792 1751 1867 loci
1804 1795 2017 1865 unica
2061 1791 2448 1865 difficultas

365 1915 446 1985 in
505 1938 594 1985 eo
641 1914 877 2011 posita
921 1926 1064 2006 est,
1113 1914 1313 2011 quod
1362 1913 1671 1986 affirmet
1718 1912 2214 2001 Quintilianus
2258 1912 2449 1985 hanc
2550 1907 2560 1913 ⁵

364 2015 668 2102 satiram
739 2029 1251 2102 Varronianam
1315 2029 1533 2103 fuisse
1602 2031 1944 2129 priorem.
2013 2033 2179 2116 Quo
2248 2028 2449 2101 enim

361 2163 574 2247 pacto
599 2145 786 2220 illud
813 2146 966 2220 fieri
1001 2150 1280 2247 potuit,
1314 2173 1545 2246 quum
1585 2163 1789 2221 aetate
1826 2146 2056 2219 multo
2089 2148 2449 2245 posterior

361 2264 638 2338 Lucilio
692 2266 908 2337 fuerit
950 2268 1222 2339 Varro?
1269 2281 1342 2338 at
1385 2267 1687 2338 Satiram
1728 2267 2073 2339 Varronis
2123 2280 2447 2363 tempore

361 2384 676 2481 priorem
728 2384 988 2476 fuisse,
1032 2409 1115 2455 ea
1159 2408 1331 2457 vero
1371 2408 1527 2457 non
1574 2401 1683 2457 est
1723 2384 2157 2474 Quintiliani
2199 2409 2445 2477 menS,

359 2504 632 2600 quippe
665 2504 792 2600 qui
829 2501 1058 2601 probe
1099 2505 1316 2576 sciret
1356 2530 1517 2577 eam
1552 2505 1801 2576 multis
1838 2506 2051 2577 annis
2089 2504 2307 2577 fuisse
2334 2530 2451 2577 re-

361 2620 781 2693 centiorem.
815 2619 898 2692 ld
925 2619 1153 2692 voluit
1171 2676 1190 2713 ,
1220 2622 1521 2693 Satiram
1546 2620 1738 2695 hanc
1762 2622 1861 2693 ita
1896 2624 2193 2695 mixtam
2220 2623 2449 2717 magis

359 2737 836 2835 compositam
875 2762 1031 2811 esse
1062 2738 1158 2810 ad
1181 2740 1402 2810 ‘Ennii
1437 2754 1511 2811 et
1544 2740 1865 2831 Pacuvii,
1907 2742 2035 2838 qui
2082 2741 2156 2812 in
2203 2742 2447 2813 Satiris

359 2856 514 2927 suis
563 2854 790 2927 multa
837 2857 977 2928 sibi
1031 2855 1250 2929 licere
1297 2856 1732 2948 voluerunt,
1786 2881 2003 2954 quam
2053 2858 2147 2928 ad
2192 2858 2447 2931 Lucilii

357 2972 777 3070 exemplum
794 3027 815 3064 ,
841 2975 968 3071 qui
1004 2998 1242 3047 musas
1269 2974 1498 3048 coluit
1526 2974 1941 3047 severiores.

456 3090 646 3163 Nihil
679 3090 894 3165 nobis
926 3106 1148 3164 restat
1175 3091 1396 3165 hodie
1425 3118 1512 3165 ex
1530 3092 1873 3165 Varronis
1902 3092 2171 3182 Satiris,
2194 3106 2450 3189 praeter

353 3208 760 3304 fragmenta
797 3206 1164 3305 quaedam,
1193 3232 1419 3305 eaque
1454 3210 1837 3281 maximam
1879 3224 2157 3307 partem
2198 3232 2447 3280 corru-

351 3324 720 3422 ptissima;
757 3322 1180 3422 titulosque,
1213 3348 1527 3420 quorum
1556 3324 1855 3422 plurimi
1882 3340 2055 3397 sunt
2087 3324 2445 3422 duplices,

353 3440 488 3537 qui
520 3438 798 3511 indicio
831 3454 1048 3531 sunt,
1081 3454 1354 3537 quanta
1394 3456 1583 3513 esset
1622 3441 1917 3514 varietas
1950 3441 2446 3531 materiarum,

351 3581 540 3655 quas
559 3562 786 3630 Varro
823 3556 973 3631 illic
1005 3572 1451 3631 tractaverat.

454 3680 746 3750 Senecae
775 3676 1472 3777 Apocolocynthosis
1494 3734 1514 3769 ,
1548 3677 1778 3751 Boetii
1813 3677 1905 3749 de
1931 3674 2445 3750 Consolatione

352 3792 840 3891 Philosophiae
885 3792 1215 3883 libellus,
1271 3809 1347 3866 et
1391 3796 1710 3867 Petronii
1760 3791 2021 3865 Arbitri
2071 3792 2443 3892 Satyricon

355 3926 530 3981 sunt
559 3909 802 3983 Satirae
827 3912 1294 3985 Varronianis
1323 3912 1633 3984 omnino
1662 3908 1955 3982 similes·
