3000 4684
768 429 875 500 IN
928 426 1504 495 EPISTOLAM
1553 426 1688 493 AD
1741 424 2172 495 PISONES.
2378 420 2514 520 507

428 565 663 640 quidem
684 564 921 621 senserit
936 564 1249 639 interpres,
1275 562 1425 617 forte
1444 576 1570 616 non
1591 558 1694 614 abs
1715 576 1781 615 re
1799 559 1912 614 erit
1929 557 2184 616 breviter
2201 576 2520 633 exponere,
2639 600 2647 608 .

429 682 611 738 quum
636 661 796 719 nulla
824 662 982 719 ‘atius
1009 660 1299 736 opinionis
1323 657 1540 713 mentio
1567 636 1740 731 apud*
1749 656 2095 712 recentiores
2118 656 2262 712 fecta
2289 656 2478 713 fuerit.

510 762 705 831 Quum
738 758 895 833 apud
919 758 1125 815 multas
1155 759 1301 814 Asiae
1315 796 1331 825 ,
1358 754 1590 830 AEgypti
1621 752 1970 827 Graeeiaeque
1995 752 2242 809 civitates
2267 770 2392 810 mos
2417 755 2520 811 iste

430 862 647 936 vigeret
667 860 994 933 antiqu-itus,
1020 869 1087 915 ut
1111 857 1271 914 docti
1288 858 1484 932 plures
1505 854 1852 931 eligerentur
1868 853 1997 922 viri,
2021 852 2228 927 quibus
2247 852 2319 909 tle
2335 853 2521 929 scrip-

434 968 627 1013 torum
682 956 953 1032 operibus
1004 954 1289 1027 judicium
1334 952 1562 1009 serendi
1607 968 1749 1007 curs.
1801 950 2202 1018 mandet-etun
2253 950 2522 1007 Octavius

434 1050 635 1119 Cesar,
666 1050 1055 1125 principatum
1092 1047 1331 1123 adeptus
1350 1086 1368 1115 ,
1412 1058 1584 1121 turpe
1623 1046 1944 1101 existumas
1973 1046 2267 1101 Romanos
2306 1044 2380 1100 ab
2421 1044 2521 1111 iis,

434 1170 579 1224 quos
616 1150 787 1205 armis
818 1148 1100 1216 vicerant,
1150 1146 1365 1223 ingenii
1410 1145 1802 1218 doctrinaque
1839 1143 2008 1200 laude
2027 1142 2212 1221 (vinci,
2260 1142 2322 1200 id
2361 1142 2522 1217 quod

435 1259 591 1303 tanto
620 1247 859 1305 Athenis
886 1258 944 1302 et
970 1245 1331 1303 Alexandriae
1362 1244 1565 1302 decori
1593 1244 1808 1312 fuerat,
1841 1246 2041 1299 Romae
2063 1244 2183 1315 jam
2213 1263 2326 1302 suae
2352 1243 2520 1299 insti-

434 1356 619 1401 tutum
650 1344 941 1401 vindicare
967 1344 1179 1401 statuit.
1215 1341 1508 1400 Sentiebat
1531 1342 1743 1399 scilicet
1763 1342 1854 1399 vir
1879 1342 2116 1401 callidus
2142 1362 2207 1401 ac
2237 1344 2521 1419 prudens„

433 1441 634 1514 quanti
660 1441 734 1497 ad
769 1440 945 1515 ipsius
975 1440 1291 1497 claritatem
1321 1437 1664 1513 imperiique
1699 1436 1940 1513 gloriam
1970 1439 2284 1508 interesset,
2313 1451 2378 1495 ut
2405 1442 2521 1497 La-

432 1536 537 1591 tini
560 1535 894 1611 scriptores,
927 1545 981 1591 et
1007 1545 1191 1609 poetoe
1220 1534 1279 1587 in
1308 1533 1506 1607 primis
1522 1574 1542 1602 ,
1571 1533 1822 1608 pulchra
1845 1545 2124 1593 certantes
2151 1534 2336 1592 leudis
2353 1554 2525 1591 nnu-

434 1634 665 1703 latione‚
693 1652 785 1690 res
811 1634 979 1690 Italas
1003 1633 1221 1689 calamo
1248 1643 1430 1697 certe,
1460 1632 1506 1687 si
1533 1650 1654 1686 non
1683 1632 1894 1707 gladio,
1927 1644 2271 1689 tutarentur.
2301 1634 2526 1689 Doctis-
2619 1626 2628 1637 ’

436 1734 607 1789 simos
630 1732 805 1811 igitur
833 1734 1007 1789 Itatiae
1032 1734 1222 1801 viros,
1239 1750 1389 1806 quos
1408 1731 1750 1803 jamdudum
1769 1743 1827 1787 et
1853 1732 2060 1807 gratia,
2082 1744 2138 1789 et
2155 1732 2362 1807 opibus
2381 1732 2522 1803 suis,

321 1862 327 1869 ·
438 1831 613 1887 immo
647 1842 704 1887 et
736 1830 975 1887 anticitia
1000 1831 1329 1903 adjuverat,
1360 1831 1419 1885 in
1446 1829 1627 1885 aedem
1654 1830 1939 1905 Apollinis
1964 1832 2274 1886 Palatinam
2311 1848 2524 1887 conve-

350 1922 354 1927 ’
438 1928 563 1981 nire
592 1928 759 1983 certis
784 1926 989 1983 diebus
1016 1928 1198 1983 voluit
1216 1968 1233 1997 ,
1263 1926 1441 2001 iisque
1467 1926 1882 1983 Bibliotheeam
1899 1926 2060 1983 dono
2080 1927 2238 1984 dedit
2251 1966 2268 1996 ,
2291 1939 2346 1983 et
2363 1927 2524 2001 quasi

439 2024 630 2081 sedem
659 2025 741 2081 ibi
762 2024 1071 2083 constituit.
1114 2025 1459 2082 Praeclarnm
1498 2042 1631 2081 sane
1661 2024 1928 2080 adhibitae
1966 2024 2166 2081 litteris
2191 2025 2524 2081 reverentiae

438 2122 875 2179 documentum!
905 2125 1181 2179 Romana
1208 2134 1397 2180 antem
1424 2122 1542 2191 isti,
1569 2133 1637 2177 ut
1664 2140 1818 2178 nunc
1846 2123 2162 2197 loquimur,
2191 2124 2529 2179 Academioe

438 2220 625 2277 minus
668 2221 896 2278 decoris
934 2222 1122 2278 attulit
1148 2222 1425 2296 principis
1456 2238 1670 2278 nomen
1691 2260 1710 2289 ,
1743 2240 1917 2295 quam
1942 2222 2206 2277 virorum
2243 2222 2522 2289 delectus,

437 2316 539 2390 qui
559 2316 839 2373 litterario
867 2317 927 2372 in
954 2317 1067 2373 hoc
1095 2317 1237 2373 ludo
1264 2316 1596 2384 consedere,
1625 2318 1672 2373 si
1699 2316 2018 2373 Theodoro
2039 2316 2306 2373 Marcilio
2325 2317 2530 2373 credn-

438 2430 592 2480 mus,
619 2412 877 2488 singulos
902 2413 1241 2471 nommntim
1266 2412 1608 2488 appellanti,
1643 2430 1849 2490 nempe
1882 2414 2215 2490 Virgilium,
2252 2414 2525 2482 Varium,

436 2512 709 2579 Metium,
726 2515 1117 2581 Maecenatem,
1146 2514 1397 2571 Plotium
1411 2554 1427 2583 ,
1450 2516 1746 2590 Valgium,
1769 2515 2100 2581 Octavium,
2123 2515 2396 2581 Fuscum,
2417 2512 2526 2567 vi-

440 2628 589 2679 scos,
612 2612 892 2681 Messalas,
914 2614 1263 2685 Bibulosque
1296 2612 1518 2681 fratres,
1545 2616 1886 2683 Pollionem,
1915 2615 2199 2681 Servium,
2221 2614 2525 2681 Furnium,

442 2706 754 2776 Tibullum,
779 2708 1043 2764 Pisonem
1060 2708 1304 2783 petrem,
1325 2720 1617 2783 postremo
1640 2712 1977 2780 Horatium3
1996 2730 2184 2784 quem,
2210 2712 2352 2766 dum
2375 2713 2526 2767 Poe-

440 2804 607 2861 ticam
636 2816 817 2860 artem
838 2804 1062 2871 ederet,
1106 2805 1296 2859 bonus
1330 2804 1617 2879 interpres
1643 2808 1936 2863 contendit
1973 2806 2310 2881 pugnaciter
2347 2826 2530 2879 quum

440 2901 709 2975 probatas
738 2902 875 2975 ipsi,
916 2911 1041 2956 tum
1069 2900 1185 2957 suis
1220 2900 1384 2957 sociis
1404 2901 1691 2958 scribendi
1715 2902 1866 2976 leges
1882 2944 1897 2971 ,
1926 2901 2128 2957 ceteris
2157 2901 2530 2975 scriptoribus

442 3000 627 3056 latinis
650 2999 1032 3075 proposuisse.
1062 3000 1323 3069 Factum,
1351 3000 1589 3055 Hercle!
1627 3000 1690 3057 id
1717 3000 1940 3068 vellem,
1971 3000 2131 3073 quod
2157 2998 2358 3055 litteris
2383 3000 2530 3057 bene

370 3096 379 3108 '
438 3100 723 3169 vertisset,
753 3110 809 3155 et
840 3100 943 3155 uni
982 3099 1179 3155 saltem
1217 3098 1538 3155 Academiae
1578 3098 1829 3157 diluisset
1869 3097 2096 3155 desidiae
2135 3098 2390 3167 crimen3
2431 3097 2531 3154 sed

440 3212 515 3249 ne
538 3210 681 3250 vero
708 3194 939 3268 quidem
982 3194 1165 3251 simile
1196 3194 1455 3250 arbitror
1472 3232 1488 3262 ,
1534 3212 1718 3267 quum
1745 3194 1901 3270 apud
1929 3193 2158 3249 nullum
2187 3194 2532 3269 scriptorem

440 3291 743 3366 antiquum
788 3290 901 3347 tale
941 3290 1083 3365 quid
1126 3308 1221 3347 me
1260 3309 1517 3365 unquam
1557 3291 1754 3367 legisse
1793 3289 2169 3347 meminerim.
2215 3290 2341 3346 Hoc
2379 3302 2534 3346 certe

441 3385 799 3459 probabilius
831 3398 938 3456 est,
966 3386 1127 3461 quod
1153 3398 1371 3443 veteres
1406 3386 1640 3461 quidam
1669 3386 1830 3442 aiunt
1859 3386 2196 3468 interpretes
2211 3425 2227 3454 ,
2259 3386 2534 3443 Nostrum

440 3500 677 3557 nempe,
720 3484 861 3539 dum
880 3484 1193 3560 Epistulam
1216 3484 1369 3539 hanc
1398 3484 1473 3540 ad
1498 3485 1730 3541 Pisones
1755 3484 2032 3541 scriberet
2049 3524 2067 3553 ,
2096 3482 2534 3539 luculentissima

444 3579 699 3653 undique
724 3594 1007 3657 paecepta
1024 3582 1331 3657 collegisse,
1362 3595 1418 3640 et
1436 3584 1499 3639 in
1527 3603 1709 3640 unum
1735 3602 1950 3659 corpus
1979 3584 2142 3658 <pusi
2165 3583 2532 3653 contraxisse,

443 3679 763 3735 Aristotelis
808 3679 1047 3749 scilicet,
1096 3680 1341 3736 Zenonis
1360 3720 1379 3747 ,
1418 3681 1698 3751 Critonis,
1747 3680 2077 3750 Democriti,
2125 3690 2182 3737 et
2235 3682 2295 3735 in
2335 3678 2535 3755 primis

443 3776 805 3851 Neoptolemi
843 3778 1023 3845 Parii,
1076 3788 1141 3833 ut
1176 3788 1411 3835 testatur
1448 3778 1779 3854 Porphyrio
1821 3778 1912 3833 his
1949 3778 2139 3835 verbis
2163 3798 2178 3833 τ
2203 3802 2228 3828 κ
2249 3778 2316 3833 In
2360 3793 2534 3851 quem

442 3874 659 3931 librum
684 3872 929 3945 conjecit
966 3886 1245 3951 praecepta
1274 3874 1638 3950 Neoptolemi
1671 3876 1826 3931 Parii
1857 3876 1932 3931 de
1955 3878 2098 3931 Arte
2123 3875 2374 3951 poetica,
2411 3892 2534 3933 non

444 3970 679 4043 quidem
698 3971 908 4039 omnnia,
932 3972 1031 4029 sed
1050 3974 1506 4031 eminentissima.
1522 3976 1752 4043 »Quum
1773 3980 1964 4028 nutem
1986 3972 2194 4027 Noster
2219 3988 2329 4039 res,
2348 3980 2532 4046 prout

440 4068 713 4141 cogitanti
748 4068 887 4139 sibi,
916 4070 1007 4126 vel
1041 4070 1250 4145 legenti
1282 4072 1690 4139 occurrebant,
1727 4080 2024 4137 tractaret,
2050 4088 2240 4143 neque
2265 4088 2384 4127 uno
2407 4069 2530 4144 spi·-

440 4162 556 4221 ritu
586 4164 845 4223 tenderet
872 4168 943 4223 ad
970 4168 1175 4223 metaiu
1192 4208 1209 4237 ‚
1236 4170 1293 4225 id
1322 4188 1503 4227 cnusae
1529 4170 1695 4229 fuisse
1724 4180 1894 4244 puto,
1924 4186 2027 4227 cur
2059 4167 2118 4223 in
2147 4167 2254 4223 hac
2273 4166 2530 4243 Epistol:
