3000 4684
517 398 650 471 182
1077 398 1166 489 Q.
1219 348 1641 472 nonssi‘m
1688 402 2041 473 FLAccl

499 530 822 603 Exclusus
853 531 970 627 qui
1001 529 1248 603 distat?
1280 534 1424 629 agit
1455 534 1570 603 ubi
1600 558 1861 626 secum,
1894 551 2038 627 eat,
2072 560 2159 607 an
2194 562 2375 630 non,

494 650 654 739 Quo
685 648 1020 720 rediturus
1049 664 1198 720 erat
1229 674 1371 720 non
1403 652 1789 744 arcessitus,
1823 668 1890 723 et
1923 651 2141 725 haeret
2284 672 2288 675 ’

495 768 734 839 Invisis
765 766 1062 865 foribus?
1095 768 1242 839 Nec
1275 791 1493 858 nunc,
1525 792 1733 862 quum
1764 793 1875 839 me
1908 786 2106 841 vocat
2136 768 2349 861 ultro,

492 886 830 957 Accedam
861 913 878 956 ε
917 910 1004 955 an
1039 888 1262 981 potius
1299 887 1589 957 mediter
1625 886 1820 957 finire
1859 886 2167 959 dolores?

487 1003 819 1096 Exclusit,
849 1020 1156 1075 revocat:
1191 1002 1510 1075 redeam?
1542 1030 1679 1075 non
1696 1058 1720 1095 ,
1751 1006 1809 1077 si
1840 1006 2165 1078 obsecret.
2199 1009 2371 1079 Ecce

481 1126 760 1214 δεινος,
791 1149 931 1195 non
962 1122 1164 1218 paulo
1192 1124 1597 1219 sapientior:
1617 1166 1709 1179 --
1726 1126 1793 1195 O
1824 1104 2025 1215 here,
2058 1152 2205 1222 quae
2236 1152 2349 1199 res
2462 1127 2583 1187 ²65

481 1242 548 1313 N
551 1266 628 1312 ec
651 1241 930 1312 modum
957 1242 1195 1332 habet,
1223 1266 1439 1337 neque
1467 1241 1855 1334 consilium,
1882 1245 2149 1317 ratione
2175 1244 2510 1342 modoque

478 1362 784 1433 Tractari
812 1387 951 1432 nou
979 1360 1145 1432 vult.
1174 1364 1251 1431 ln
1281 1384 1514 1431 amore
1540 1359 1684 1431 haec
1710 1376 1867 1431 sunt
1892 1360 2103 1433 mala:
2133 1360 2422 1454 bellum3
2476 1438 2484 1445 ,

476 1481 618 1549 Pax
649 1504 936 1579 rursum.
971 1482 1132 1549 Haec
1161 1480 1216 1549 si
1249 1480 1400 1574 quis
1429 1481 1843 1574 tempestatis
1877 1504 2091 1576 prope
2126 1482 2261 1551 ritu

474 1594 796 1687 Mobilia,
833 1612 901 1667 et
933 1620 1106 1667 caeca
1140 1596 1472 1667 fluitantia
1508 1612 1723 1687 sorte,
1760 1596 2027 1669 laboret

473 1711 784 1784 Reddere
815 1728 999 1785 certa
1029 1714 1194 1806 sibi,
1227 1712 1444 1786 nihilo
1475 1713 1623 1810 plus
1654 1714 1943 1811 explicet
1956 1771 1978 1810 ,
2012 1741 2093 1789 ac
2122 1719 2183 1790 si

2482 542 2601 601 260

2457 1738 2577 1795 ²⁶70

470 1949 647 2019 Edoga
669 1954 908 2024 secunda)
931 1953 1122 2023 egtegie
1147 1968 1378 2023 expressa
1406 1959 1483 2005 est
1554 1948 1783 2005 Terentii
1820 1948 2057 2006 comoedia
2094 1959 2310 2005 sumtum
2332 1988 2351 2021 ‚
2385 1952 2439 2003 in
2472 1967 2571 2020 qua

470 2052 660 2089 summa
676 2038 752 2089 vis
768 2047 819 2090 et
835 2053 1052 2089 summus
1069 2036 1226 2088 animi
1245 2036 1478 2105 impetus,
1551 2037 1781 2090 Phaedria
1795 2036 1859 2089 ab
1876 2048 2049 2090 amatae
2071 2037 2218 2089 domo
2234 2035 2448 2090 amoveri
2468 2052 2567 2087 non

466 2133 569 2189 qno
603 2118 699 2170 buc
735 2119 854 2170 illuc
885 2120 1134 2185 agitentur
1168 2129 1220 2171 et
1246 2119 1310 2170 ad
1339 2120 1481 2171 insa-

467 2204 606 2257 niam
637 2220 779 2272 pone
807 2202 1068 2270 adigantur
1089 2202 1283 2271 perdite
1303 2218 1479 2256 aman-

468 2298 557 2342 tes.
585 2288 732 2341 Hunc
761 2288 915 2353 igitur
941 2287 1098 2339 locum
1119 2286 1478 2340 Terentianum

401 2362 618 2444 (qni,
633 2373 764 2443 qnod
781 2370 844 2423 ad
859 2370 1238 2440 descriptionem
1261 2367 1478 2423 hominis

463 2474 584 2511 cum
613 2456 813 2508 maone
833 2456 887 2507 in
921 2469 1120 2518 amore,
1155 2460 1212 2507 nt
1245 2454 1318 2506 ait
1351 2454 1484 2507 Par-

463 2560 612 2596 meno
643 2540 804 2611 apud
813 2539 1142 2604 Terentium,
1177 2539 1483 2592 shsmoemis

463 2628 644 2681 attinet
661 2663 676 2693 ,
695 2626 756 2677 sd
775 2625 1244 2679 consummatissima
1259 2625 1478 2695 antiqni-

461 2711 581 2763 mis
603 2710 708 2763 loca
734 2709 1020 2763 referendus
1039 2710 1282 2781 videtur,)
1312 2709 1476 2763 Hora-

460 2794 562 2847 tius
584 2794 789 2861 dignum
819 2792 997 2845 habuit
1013 2831 1027 2857 ‚
1059 2808 1208 2863 quem
1233 2810 1372 2863 poene
1391 2800 1471 2847 to-

461 2888 568 2933 tum
587 2880 642 2931 in
660 2878 969 2931 hexametros
985 2878 1294 2931 transferret.
1317 2878 1472 2932 Com-

457 2972 636 3033 par-ent
668 2963 802 3017 hunc
829 2963 988 3017 iocum
1017 2962 1203 3016 tirones
1227 2981 1338 3016 cum
1358 2963 1468 3017 Te-

455 3050 619 3103 rentio
637 3086 652 3117 ‚
689 3048 1007 3116 animumque
1043 3048 1107 3099 ad
1139 3056 1332 3111 artem,
1369 3065 1472 3117 qua

457 3133 652 3187 numeri
679 3132 734 3185 in
761 3131 1000 3199 ejusmodi
1018 3130 1137 3183 locis
1155 3132 1336 3184 mutari
1353 3149 1468 3200 pos-

453 3215 585 3284 sint,
624 3216 897 3268 advertant.
933 3212 1163 3265 Ceterum
1200 3210 1466 3267 Horatium

455 3301 677 3354 imitatus
711 3308 788 3353 est
817 3298 959 3351 Pers.
993 3294 1066 3361 V,
1100 3304 1196 3348 ¹6¹
1231 3312 1460 3365 seqq.—

452 3384 564 3451 agit
587 3399 790 3445 secura,
813 3390 906 3433 etc.
930 3378 1058 3432 Dum
1079 3394 1244 3431 secum
1263 3378 1460 3431 delibe-

453 3476 562 3531 rat,
602 3475 826 3535 reputat,
861 3480 924 3516 an
969 3472 1052 3515 eat
1084 3463 1147 3516 ad
1180 3462 1316 3515 illam
1337 3501 1351 3525 ‚
1392 3480 1456 3515 an

453 3562 689 3619 nonest,
715 3568 815 3621 qno
837 3588 852 3614 ,
885 3548 937 3601 id
968 3558 1076 3610 est,
1101 3548 1239 3615 cujus
1277 3548 1330 3599 in
1363 3548 1459 3602 do-

451 3650 588 3687 mum
609 3634 857 3687 rediturus
883 3632 1088 3699 fuisset,
1119 3631 1163 3683 si
1197 3648 1295 3685 non
1327 3632 1456 3685 fuis-

448 3726 526 3769 set
579 3718 874 3784 accersitns3
927 3726 980 3767 at
1025 3716 1141 3785 quia
1195 3716 1456 3769 accersitus

350 3806 360 3829 ἴ
443 3810 550 3865 ωε,
589 3801 744 3853 haeret
786 3802 839 3853 in
882 3801 990 3870 ipso
1023 3801 1218 3853 limine.
1258 3800 1455 3854 En.—

447 3882 606 3935 Itoeret
637 3882 824 3935 Invi-sis
841 3883 1088 3953 fim'bus,
1117 3886 1246 3954 apud
1285 3886 1414 3938 fores
1435 3924 1452 3953 ,

441 3980 564 4037 quas
584 3964 766 4016 invisas
782 3966 879 4017 sibi
897 3984 1004 4018 esse
1021 3968 1176 4019 videri
1199 3970 1321 4035 vult,
1341 3980 1446 4021 tan·

1552 2129 1747 2187 poterat
1762 2158 1778 2184 ,
1806 2120 1860 2172 in
1884 2137 2029 2191 quam
2054 2130 2215 2173 tamen
2239 2136 2293 2173 se
2314 2136 2566 2190 nunquam

1554 2204 1885 2271 ingressurum
1922 2203 2255 2274 profitebatur.
2292 2203 2437 2257 Unde
2466 2221 2563 2273 ap·-

1550 2289 1711 2357 prime
1752 2289 1962 2343 Publius
2001 2289 2150 2358 Syrus
2171 2306 2183 2338 ε
2232 2306 2259 2335 ιι
2292 2288 2354 2339 In
2394 2305 2565 2341 amore

1548 2388 1743 2441 semper
1767 2374 1974 2427 mendax
1998 2367 2249 2427 iracundia
2277 2378 2369 2423 est.
2394 2390 2423 2419 ιο
2456 2369 2557 2422 En.

1551 2457 1751 2509 —Nec
1772 2475 1949 2517 nunc,
1971 2472 2058 2524 ego
2085 2473 2183 2509 non
2213 2456 2470 2522 accedam,
2497 2472 2564 2507 ne

1552 2558 1685 2593 nunc
1698 2542 1905 2611 quidem
1917 2556 2071 2611 quum
2090 2556 2171 2592 me
2188 2538 2319 2591 ultro
2336 2536 2557 2591 accersit.

1548 2623 1645 2677 En.
1682 2654 1755 2666 —-
1779 2624 1978 2678 dolores
1995 2660 2013 2686 ‚
2054 2624 2387 2691 significanter
2429 2638 2553 2691 pro:

1546 2723 1737 2761 amores
1782 2726 1894 2761 cum
1943 2708 2199 2764 doloribus
2240 2708 2552 2775 conjunctcs;

1544 2806 1681 2853 nam,
1705 2800 1762 2843 nt
1779 2792 1916 2843 canit
1934 2789 2169 2855 Ovidius,
2192 2786 2309 2843 Art.
2336 2787 2451 2842 Am.
2475 2787 2550 2849 11,

1546 2882 1647 2927 ⁸¹9
1670 2890 1685 2923 ;
1706 2892 1733 2921 «
1753 2873 1925 2927 Litore
1954 2883 2077 2945 quot
2100 2872 2295 2926 conchae
2310 2908 2327 2939 ,
2349 2880 2419 2923 tot
2439 2878 2554 2921 sunt

1544 2953 1597 3007 in
1620 2972 1786 3009 amore
1800 2955 2011 3010 dolores.
2034 2975 2269 3017 n—-non,
2294 2954 2547 3007 siobsecr.

1540 3058 1640 3093 non
1658 3042 1877 3107 redeam,
1896 3041 2091 3093 etiamsi
2107 3042 2346 3093 obsecret.
2370 3038 2466 3089 En.

1610 3136 1734 3179 Ιαδ.
1764 3124 1885 3177 Non
1896 3123 2063 3197 paulo
2083 3123 2374 3194 sapientior,
2396 3119 2553 3173 multo

1534 3208 1807 3279 sapientior
1821 3224 1973 3278 quam,
1988 3208 2157 3259 herus.
2180 3206 2277 3257 Sex
2291 3212 2550 3275 sequentes

1531 3310 1699 3346 versus
1742 3293 1893 3345 verba
1928 3301 2045 3344 sunt
2081 3308 2111 3343 a
2142 3289 2452 3343 Parmenone
2483 3287 2547 3339 ad

1530 3378 1785 3431 dominum
1806 3376 2081 3429 Phaedriam
2102 3372 2231 3444 apud
2248 3372 2543 3425 Terentium

1526 3462 1674 3528 jacta.
1710 3462 1807 3513 En.
1828 3490 1893 3500 -
1915 3477 2039 3533 quoe
2075 3476 2156 3510 ms
2190 3458 2303 3511 Nec
2340 3454 2543 3510 modum

1532 3546 1701 3607 habet,
1717 3557 1813 3599 etc.
1836 3544 1992 3599 Amor
2008 3561 2118 3613 qnae
2146 3560 2225 3594 res
2248 3552 2345 3609 est,
2366 3551 2539 3593 natura

1530 3649 1651 3698 sua,
1672 3632 1804 3684 modi
1824 3640 1875 3684 et
1897 3628 2089 3683 consilii
2116 3626 2409 3696 impatiens,
2428 3642 2537 3695 quae

1526 3734 1581 3769 se
1596 3716 1854 3785 prudentia
1874 3715 1975 3780 regi
1993 3730 2092 3765 non
2105 3713 2311 3779 patitur,
2328 3728 2425 3763 non
2441 3718 2536 3762 tra-

1522 3800 1726 3853 ctandus
1748 3809 1826 3853 est
1848 3800 2055 3851 ratione.
2078 3794 2174 3848 En.
2194 3796 2347 3846 —In
2366 3811 2538 3846 arnor-e

1522 3882 1633 3937 hoec
1662 3896 1787 3935 sunt
1807 3884 1977 3945 mala3
2008 3882 2112 3933 boec
2129 3864 2296 3932 omnin
2312 3896 2422 3950 quae
2448 3896 2537 3947 pa-

1522 3966 1673 4030 teris,
1708 3965 1875 4018 omnia
1914 3966 1998 4018 ina
2030 3964 2210 4035 quibus
2248 3963 2528 4033 torqueris,

438 4066 588 4127 quam
609 4059 750 4103 terrm
773 4048 960 4101 adfixus
979 4058 1090 4102 stat.
1126 4050 1231 4103 Hoc
1250 4052 1397 4105 ctiam
1418 4068 1445 4103 e
1516 4050 1711 4119 injuria
1730 4050 1933 4120 scilicet,
1953 4048 2273 4121 suspiciones,
2294 4056 2388 4101 etc.
2415 4054 2537 4101 sunt
