3000 4684
570 371 665 442 86
1016 332 1027 354 ³
1133 373 1219 460 Q.
1272 375 1690 444 HoRA‘r-ll
1743 379 2100 447 FLAccl

563 511 839 579 Flumen
873 525 945 578 ut
975 509 1369 598 hibernum,
1402 510 1616 580 fertur
1647 537 1782 608 quo
1815 537 1970 583 rara
1999 519 2270 588 securis.

656 630 827 696 Tum
863 629 1313 697 Praenestinus
1344 627 1519 698 salso
1557 627 1969 727 multumque
2005 633 2239 706 fluenti

556 749 883 840 Expressa
919 747 1190 847 arbusto
1227 749 1478 843 regerit
1515 752 1850 839 convicia,
1886 750 2093 822 durus

553 865 1025 945 Vindemiator
1058 880 1130 936 et
1162 868 1484 957 invictuS‚
1519 871 1630 939 cui
1666 895 1846 964 soepe
1877 861 2096 943 viator
2585 877 2657 933 30

550 984 902 1071 Cessissct‚
934 1009 1177 1078 magna
1210 982 1620 1079 compellans
1655 1012 1817 1056 voce
1851 987 2188 1059 cuculum.
2293 995 2296 1003 '

545 1108 637 1174 At
669 1107 972 1192 Graecus,
1008 1117 1363 1198 postquam
1398 1118 1498 1173 est
1530 1102 2044 1198 Italoperfusus
2077 1123 2304 1195 aceto,

544 1223 807 1292 Persius
842 1219 1208 1291 exclamat:
1248 1245 1370 1314 per
1405 1245 1718 1315 magnos,
1753 1225 1996 1310 Brute,
2032 1226 2226 1294 Deos·
2256 1239 2322 1293 te
2579 1236 2590 1276 ἱ

543 1345 721 1431 Oro,
755 1342 871 1435 qui
909 1365 1100 1437 reges
1132 1341 1473 1418 consueris
1505 1338 1778 1430 tollere,
1813 1366 1935 1413 cur
1969 1331 2107 1412 tion

539 1465 737 1534 Hunc
754 1465 1006 1558 Regem
1017 1457 1313 1557 jugulas?
1328 1483 1606 1554 operum
1625 1459 1780 1548 hoc,
1797 1459 2205 1548 mihicrede,
2225 1473 2496 1530 tuorum
2519 1476 2642 1530 est.
2735 1501 2739 1518 ·

534 1693 629 1732 erc.
678 1681 873 1733 Ruebat
916 1677 1319 1750 (frehementiorc
1363 1678 1551 1732 scilicet

537 1767 724 1834 impetu
765 1765 816 1816 in
864 1762 1231 1832 adversarium)
1275 1763 1419 1814 sicuti
1460 1761 1548 1812 hi-

534 1849 688 1902 berno
708 1860 925 1918 tempore
943 1861 1087 1900 ruere
1108 1845 1230 1899 solet
1254 1847 1435 1898 flumen
1459 1862 1551 1914 per

534 1949 591 1984 ca
613 1931 733 1995 loca,
756 1933 806 1984 in
827 1949 936 2001 quae
960 1930 1283 1983 raro.securis
1299 1931 1545 1992 defertur,

534 2019 585 2068 h.
618 2036 668 2069 e.
700 2017 787 2068 ubi
826 2034 936 2068 raro
968 2017 1125 2068 securi
1155 2016 1410 2067 caeduntur
1442 2016 1550 2067 vir-

530 2103 676 2168 gulta.
687 2112 739 2154 et
756 2102 954 2152 arbores
974 2107 1175 2168 propter
1190 2098 1283 2149 soli
1302 2099 1548 2166 asperita-

534 2196 629 2236 tem
671 2186 775 2236 sere
813 2183 1014 2234 inviam.
1048 2180 1146 2231 En.
1190 2181 1309 2234 Post
1340 2182 1546 2233 venisse

531 2267 895 2322 distinctionem
918 2265 1150 2332 majorem
1176 2266 1335 2334 posui.

600 2366 687 2407 28.
708 2353 889 2405 Sensus
902 2361 951 2404 et
968 2350 1293 2418 impeditioris
1304 2351 1541 2417 orationis

530 2455 685 2492 nexus
727 2453 836 2488 esse
871 2435 1104 2486 videtur:
1138 2433 1271 2485 Tum
1308 2434 1539 2502 Rupilius

528 2521 764 2574 oriundus
784 2518 1056 2578 Proenoete,
1080 2514 1279 2584 (oppido
1295 2513 1431 2584 cujus
1454 2517 1536 2569 in—

525 2607 641 2660 colae
662 2603 771 2656 rudi
792 2601 1053 2655 admodum
1076 2617 1301 2662 sermone
1322 2601 1536 2651 uteban-

534 2703 628 2755 tur,
652 2687 856 2740 testibus
873 2686 1051 2737 Plauto
1068 2695 1119 2738 et
1136 2683 1323 2753 Festo)
1344 2686 1394 2735 in
1417 2685 1537 2736 Per-

526 2776 651 2824 sium
685 2773 877 2824 salsum
910 2769 1231 2842 multumque
1266 2767 1534 2830 fluentem,

530 2861 577 2910 id
599 2867 693 2916 est,
714 2854 867 2918 multa
892 2851 1016 2909 salse
1040 2851 1171 2925 dicta
1192 2849 1536 2902 effundentem

525 2943 704 3010 regerit
736 2943 841 3009 ipse
868 2937 1081 2990 convicia
1114 2953 1175 2988 ex
1204 2935 1410 2986 arbusto
1432 2952 1528 2987 ex·-

513 3045 709 3096 pmsscr,
730 3024 785 3074 h.
808 3041 855 3074 e.
873 3021 1039 3091 qualia
1059 3037 1089 3071 e
1106 3020 1266 3070 vineis
1285 3021 1386 3070 suis
1406 3035 1526 3072 oon—

513 3111 669 3176 jicere
702 3105 824 3158 solet
858 3105 1044 3157 vinitor
1082 3105 1132 3155 in
1165 3103 1407 3166 viatores,
1438 3105 1526 3174 qui

519 3200 869 3264 praetereuntes
901 3197 951 3240 et
980 3187 1271 3239 lacessentes
1300 3203 1413 3238 eum
1434 3205 1525 3240 vo-

514 3287 625 3328 cant
662 3272 909 3325 cuculum
926 3305 942 3329 ,
984 3280 1213 3338 tanquam
1254 3271 1395 3336 operi
1434 3286 1525 3322 suo

516 3361 700 3412 tardius
720 3356 1101 3411 incumbentem.
1114 3354 1518 3412 lim—arbusto,

511 3445 596 3496 ubi
628 3443 755 3494 vites
783 3458 911 3506 non,
937 3448 996 3491 ut
1019 3455 1149 3489 nunc
1179 3438 1231 3489 in
1250 3438 1409 3489 vineis
1430 3439 1483 3490 fit
1502 3481 1518 3504 ,

1617 1680 1706 1738 das
1734 1690 1786 1732 et
1809 1682 2080 1734 arboribus·
2095 1679 2408 1751 applicandas
2431 1681 2640 1734 curabat

1619 1764 1945 1832 vindemiator
1969 1785 1984 1829 ;
2027 1765 2134 1831 ejus
2176 1765 2370 1818 inertiae
2413 1762 2636 1815 ludendae

1618 1863 1759 1899 causa
1800 1859 2152 1917 praetereuntes
2183 1849 2432 1901 cuculum
2465 1865 2638 1900 vocare

1620 1930 1844 1985 solebant
1855 1953 1871 1998 3
1894 1933 2025 1985 unde
2047 1931 2132 1986 ille
2142 1933 2424 1984 exacerbari
2437 1942 2487 1983 et
2497 1932 2634 1982 virus

1620 2017 1900 2068 acerbitatis
1932 2017 1984 2068 in
2011 2027 2368 2084 praetereuntes
2386 2031 2629 2068 evomere.

1601 2092 1850 2150 'Ceterum
1874 2100 1926 2152 in
1947 2097 2038 2152 hoc
2062 2099 2166 2152 loeo
2187 2097 2250 2150 ad
2265 2096 2633 2149 dum-‹vinde-

1617 2185 1800 2234 mt‘ator·
1823 2184 2091 2253 supplenda
2127 2193 2202 2234 est
2233 2183 2472 2250 particula
2497 2201 2632 2234 com-

1613 2267 1913 2332 parationis:
1950 2265 2111 2324 velut,
2143 2257 2411 2326 simti,'ut
2442 2265 2626 2332 passim

1611 2348 1762 2416 alibi;
1784 2349 1850 2400 cf.
1875 2350 1995 2400 infr.
2011 2345 2076 2400 'ad
2094 2347 2258 2417 Epist.
2285 2347 2342 2414 Ι,
2366 2359 2398 2399 2
2419 2385 2433 2410 ,
2459 2359 2626 2400 42.—

1617 2434 1670 2482 V
1665 2429 1975 2492 mdemiaeor,
2005 2431 2080 2484 vel
2106 2434 2235 2501 quod
2261 2433 2445 2483 vinum
2469 2433 2619 2501 legit,

1607 2517 1682 2568 vel
1709 2519 1841 2586 quod
1867 2519 1930 2570 de
1949 2519 2107 2569 vinea
2137 2516 2288 2570 demit
2314 2516 2533 2587 aliquid:
2569 2521 2622 2571 ia

1611 2601 1662 2652 in
1690 2619 1838 2654 unam
1867 2603 2100 2671 syllabam
2131 2601 2466 2665 contrahitur,
2495 2605 2619 2672 ‘quia

1607 2685 1820 2736 secunda
1837 2685 2022 2754 syllaba
2040 2694 2115 2736 est
2133 2685 2306 2755 longa.
2335 2681 2544 2738 Ovidius
2567 2695 2616 2736 et

1607 2765 1694 2818 alii
1721 2767 1973 2832 dixerunt,
1994 2766 2306 2837 vindemitor.
2339 2767 2434 2819 En.

1679 2861 1766 2902 52.
1795 2850 1927 2901 Italo
1937 2849 2194 2921 perfusus
2211 2863 2352 2902 aceto
2387 2849 2472 2918 (ex
2505 2865 2613 2901 ser-

1603 2950 1748 2986 mone
1765 2935 2008 2998 comico),
2039 2952 2068 2986 a
2091 2925 2322 2986 Ronianae
2341 2936 2498 3000 gentis
2515 2934 2611 2986 ho-

1601 3020 1736 3090 mine
1763 3020 2033 3073 acrioribus
2053 3019 2284 3072 conviciis
2301 3019 2523 3069 obrutus.
2537 3047 2611 3056 —

1599 3119 1745 3173 reges
1774 3121 1915 3156 cons,
1951 3103 2155 3165 tollere,
2189 3119 2217 3153 a
2244 3101 2276 3153 J
2281 3102 2399 3154 unio
2419 3103 2574 3155 Bruto
2591 3141 2605 3166 ,

1597 3187 1862 3258 Taiqninii
1884 3199 2124 3254 exactore,
2143 3188 2349 3244 ducebat
2361 3188 2605 3252 originem

1595 3273 1778 3326 Brutus
1793 3275 1905 3337 iste,
1921 3273 2132 3325 Caesaris
2149 3287 2346 3338 regnum
2367 3271 2608 3324 affectan-

1595 3358 1676 3426 tis,
1698 3358 1996 3411 interfector.
2025 3357 2196 3408 En.-
2210 3356 2374 3408 Hunc
2391 3353 2598 3424 Regem.

1593 3439 1720 3492 ludit
1751 3441 1952 3512 Persius
1987 3441 2036 3492 in
2069 3439 2264 3510 Rupilii
2297 3454 2562 3506 cognomen
2585 3479 2599 3500 ‚

512 3527 637 3594 palis
656 3563 671 3586 ,
691 3525 775 3576 sed
795 3523 1053 3576 arboribus
1074 3560 1088 3588 ,
1112 3521 1403 3572 nominatim
1425 3540 1520 3591 po-
1588 3524 1728 3591 quasi
1751 3539 1836 3574 rex
1861 3541 2026 3576 revera
2058 3524 2246 3576 ruisset.
2283 3521 2380 3572 En.
2397 3535 2598 3590 -ope-

506 3609 640 3675 pulis
658 3618 709 3660 et
730 3607 879 3658 ulmis
898 3605 1296 3657 adnectebantur.
1329 3602 1516 3670 Quodsi
1589 3623 1706 3657 rum
1729 3605 1858 3669 hoe,
1895 3603 2031 3658 mihi
2054 3603 2205 3658 crede
2219 3641 2237 3666 ,
2263 3615 2595 3663 tuorum-est,

506 3693 659 3758 igitur
674 3693 725 3742 in
742 3691 957 3755 arbusto,
967 3693 1043 3756 (nt
1060 3707 1118 3742 ex
1140 3687 1300 3742 schol.
1320 3689 1379 3740 ad
1398 3691 1452 3742 h.
1470 3690 1508 3742 1.
1587 3691 1678 3743 hoc
1709 3693 1923 3761 profecto
1945 3692 2009 3744 ad
2035 3707 2112 3742 res
2140 3691 2372 3758 praeclare
2390 3707 2419 3740 a
2439 3699 2488 3740 te
2506 3705 2596 3754 ge-

500 3776 759 3840 diwimm,
780 3787 831 3826 et
854 3775 1022 3828 Plinio
1048 3774 1138 3826 lib.
1164 3773 1369 3834 XVIII,
1396 3793 1504 3843 cap.
1581 3785 1680 3828 stas
1696 3779 1930 3844 pertinet;
1951 3775 2012 3828 ad
2031 3791 2237 3846 oper-um
2251 3787 2454 3826 cuonem
2475 3789 2596 3842 sup-

502 3859 611 3926 26).
632 3860 814 3910 vernali
834 3870 1050 3928 tempore
1066 3860 1199 3927 justo
1216 3859 1396 3921 serius,
1418 3859 1506 3910 ubi
1581 3859 1662 3925 ple
1692 3877 1854 3910 unum
1868 3877 1889 3924 ,·
1913 3870 1968 3910 ut
1991 3876 2128 3928 supr.
2152 3857 2251 3910 od.
2271 3858 2375 3921 111,
2407 3869 2490 3922 15,
2523 3869 2556 3908 3
2577 3880 2586 3906 :

491 3941 593 4009 jam
614 3943 807 3996 cuculus
831 3961 989 3998 vocem
1015 3945 1115 3996 edit
1137 3985 1150 4006 ‚
1170 3945 1294 3995 vites
1318 3955 1502 4012 putan-
1584 3962 1610 3989 «ι
1628 3943 1742 3996 Fies
1762 3943 2000 3994 nobilium
2025 3954 2078 3995 tu
2095 3961 2290 4012 quoque
2310 3943 2542 3995 sontium.
2563 3963 2588 3986 a·
