3000 4684
16 887 31 939 ιο·
10 806 31 843 *Ἰ
10 713 32 748 3?
10 617 33 650 F
10 519 29 554 W

682 299 789 368 IN
841 293 1421 368 EPISTOLAM
1468 299 1608 395 AD
1657 299 2092 372 PISONES.
2331 301 2470 378 513

384 437 489 496 ubi
520 434 705 492 statim
732 431 1125 510 deprehensus
1152 443 1265 502 est,
1288 450 1486 490 versus
1513 443 1676 490 extra
1701 435 1904 492 seriem
1926 435 2230 507 scribitur3
2255 451 2314 497 et
2337 441 2474 499 lite-

386 531 533 589 rulis
565 531 641 586 ab
680 529 755 586 ad
790 547 951 586 suam
980 527 1173 586 sedem
1211 527 1572 586 revocandus
1607 539 1878 598 notatur3
1911 529 2122 590 scilicet
2155 551 2231 591 ne
2261 535 2478 594 librum

389 625 679 694 venalem,
697 634 796 682 aut
820 622 1085 680 mercede
1109 621 1387 698 scriptum
1411 622 1588 680 litura
1613 623 1966 683 dehonestet.
1988 626 2105 682 Ubi
2123 646 2266 686 vero
2287 630 2394 688 hac
2417 632 2480 688 in
2549 677 2554 686 .

388 721 647 798 margine
669 719 910 777 literulae
929 719 1323 794 negliguntur,
1342 729 1443 775 aut
1459 730 1834 788 evanescunt5
1859 737 1932 775 eo
1951 720 2180 779 tandem
2201 743 2291 781 res
2307 727 2482 796 venit,

387 826 454 872 ut
485 815 661 892 longo
693 813 967 890 temporis
986 823 1171 870 tractu
1190 810 1417 868 librarii
1444 812 1618 870 unius
1643 815 1856 872 erratio
1877 835 1985 892 per
2005 817 2194 873 omnia
2217 816 2484 896 deinceps

382 911 721 990 apographa
744 920 1117 987 propagetur.
1144 909 1371 966 Brun..

1008 1167 1346 1232 Excuasus
1379 1165 1492 1244 lv,
1533 1187 1702 1250 vers.
1748 1167 1856 1230 60.

641 1315 706 1378 U
708 1327 733 1376 ι
768 1311 1139 1401 silvoesblitk
1156 1333 1401 1401 pronos
1430 1323 1754 1375 mutantur
1783 1312 1849 1374 in
1877 1333 2104 1388 annos,
2134 1325 2246 1375 ete.
2370 1351 2381 1362 -

464 1481 727 1537 Insolens
754 1479 1017 1556 profecto
1048 1477 1327 1553 loquendi
1353 1495 1532 1553 genus
1546 1517 1562 1546 ,
1582 1476 1932 1550 Silvoefoliis
1951 1490 2268 1547 mutantur,-
2301 1482 2488 1555 quod—

387 1597 503 1654 que
528 1579 723 1648 nullo,
747 1589 811 1635 ut
837 1577 1072 1652 opinor,
1092 1575 1359 1653 exemplo
1386 1571 1648 1646 defendi,
1667 1587 1768 1633 aut
1785 1576 2043 1636 excusari
2062 1589 2263 1653 potest.
2287 1579 2357 1634 In
2374 1579 2483 1638 hac
2595 1595 2602 1602 '

386 1675 817 1735 constructione
854 1675 1089 1750 legerim
1122 1675 1341 1751 potius,
1372 1675 1692 1731 mutatione
1720 1674 1952 1732 minima
1969 1715 1988 1746 ,
2009 1675 2104 1744 «Ἠ
2107 1678 2310 1746 2:551*ae
2338 1678 2488 1738 foliis

390 1791 611 1850 pronos
640 1773 935 1828 nudantur
956 1773 1017 1828 in
1044 1791 1243 1830 annos.
1272 1796 1297 1822 υ
1328 1771 1534 1829 Cicero
1561 1771 1624 1828 in
1649 1773 1907 1830 Arateis:
1942 1799 1967 1825 α
1988 1759 2486 1854 ΒσιῃᾷσῂῖῘᾶζᾷ·

388 1889 608 1939 ramos,
644 1880 701 1926 et
734 1870 947 1926 cortice
976 1881 1230 1926 truncos.
1256 1893 1280 1920 υ
1308 1868 1663 1926 Claudianus
1690 1869 1764 1926 de
1794 1870 1958 1928 Bello
1980 1873 2212 1945 Getico,
2240 1891 2294 1930 v.
2331 1859 2478 1930 166³

390 1995 415 2020 «ι
444 1967 677 2044 Frigida
715 1978 804 2024 ter
844 1966 1028 2025 decies
1075 1967 1351 2022 nudamm
1374 1965 1690 2038 frondebit-r
1743 1967 2004 2024 Haemum
2047 1969 2259 2026 Tendit
2297 1969 2480 2030 hiems

386 2065 594 2125 vestire
626 2067 778 2142 gelu.
802 2089 825 2116 υ
858 2067 991 2130 Seu.
1030 2065 1267 2142 Hippoi.
1302 2065 1448 2142 966:
1478 2091 1504 2117 a
1525 2067 1606 2123 Ut
1641 2085 1796 2124 nunc
1827 2087 1982 2124 canae
2014 2067 2231 2144 frigora
2257 2069 2480 2130 bruma

387 2165 624 2222 Nudent
657 2166 831 2222 silvas
849 2184 870 2219 .-
910 2181 1065 2220 nunc
1102 2162 1347 2220 arbustis
1378 2164 1646 2222 Redeunt
1675 2165 1914 2222 umbrae.
1937 2189 1962 2216 υ
1995 2167 2240 2224 Severus
2254 2207 2273 2238 ,
2309 2179 2480 2244 poeta

386 2262 775 2322 Christianus:
797 2287 822 2313 a
844 2263 1033 2340 Quam
1052 2260 1246 2318 multis
1252 2259 1427 2334 soliis·
1452 2263 1597 2318 silva
1617 2261 1954 2326 cadentibus
1968 2263 2252 2333 Nudam,
2274 2264 2478 2342 gelidis

385 2373 531 2420 tacta
553 2363 937 2438 aquilonibus.
954 2387 979 2414 n
1000 2361 1107 2420 Vel
1135 2361 1333 2419 eadem
1359 2381 1603 2440 prorsus
1623 2363 1898 2422 sententia
1919 2364 2158 2442 legerim
2173 2405 2190 2434 ‚
2211 2366 2326 2424 levi
2344 2367 2480 2425 item

386 2461 703 2546 mutatione
718 2501 737 2531 ,
758 2487 783 2512 ι
800 2463 880 2518 Ut
911 2460 1065 2518 silvae
1090 2460 1243 2518 foliis
1264 2479 1486 2536 pronos
1505 2463 1831 2520 viduantur
1855 2463 1916 2520 in
1943 2483 2143 2522 annos.
2167 2487 2192 2514 n
2211 2466 2388 2524 Plane
2415 2479 2482 2524 ut

387 2558 595 2626 Noster
612 2555 800 2612 Canu.
819 2555 895 2624 11,
918 2575 987 2630 9:
1011 2580 1037 2607 αι
1050 2554 1341 2629 Autsoliis
1362 2557 1688 2614 viduantur
1709 2557 1860 2614 orni.
1877 2583 1902 2608 ι
1916 2559 2120 2636 virgil.
2143 2561 2356 2638 Georg.
2373 2562 2476 2632 lv,

388 2651 539 2711 618:
574 2677 599 2703 α
618 2656 887 2727 Arvaque
910 2651 1163 2728 Riphaeis
1196 2670 1514 2726 numquam
1543 2653 1790 2710 viduata
1824 2654 2066 2728 pruinis.
2085 2679 2110 2706 υ
2149 2657 2320 2714 Silius
2346 2658 2473 2716 Ital.

386 2751 509 2822 111,
535 2748 683 2808 601:
715 2775 739 2802 α
762 2749 881 2808 Nec
920 2751 1105 2826 Stygis
1137 2749 1235 2806 ille
1263 2749 1454 2818 lacus,
1490 2749 1852 2824 viduataque
1877 2749 2095 2808 lumine
2128 2769 2324 2827 regna.
2348 2778 2373 2803 a
2404 2755 2482 2810 Et

386 2846 535 2915 xa,
562 2845 709 2919 370:
731 2869 756 2896 ιι
776 2847 1121 2920 Serpentum
1148 2844 1317 2905 tellus
1343 2863 1493 2920 pura
1511 2883 1529 2914 ‚
1562 2852 1620 2898 et
1653 2843 1902 2898 viduata
1925 2845 2176 2901 venenis.
2198 2869 2223 2895 υ
2242 2847 2318 2902 Et
2345 2860 2480 2906 sunt

385 2943 619 3019 quidem
633 2983 651 3014 ,
677 2942 740 3000 ni
764 2943 955 3015 fallor,
972 2943 1077 3018 qui
1098 2943 1375 3002 utramvis
1400 2960 1474 2999 ex
1498 2941 1592 2998 his
1617 2939 1964 3015 conjecturis
1987 2942 2192 3017 plausu
2211 2944 2477 3020 excipere

385 3041 599 3100 velint:
641 3041 741 3100 sed
775 3041 880 3100 ubi
914 3053 1247 3100 contextum
1286 3041 1564 3098 orationis
1591 3038 1908 3096 accuratius
1932 3039 2238 3098 considero
2253 3081 2272 3110 ,
2305 3042 2480 3116 plana

387 3141 474 3198 via
502 3140 883 3198 incedendum
908 3159 1027 3198 esse
1056 3139 1239 3196 video.
1258 3141 1453 3211 Quum
1480 3137 1635 3196 enirn
1649 3137 1820 3193 Folia
1839 3136 1934 3194 hic
1949 3177 1966 3206 ,
1993 3155 2114 3194 non
2135 3138 2317 3210 silvae,
2343 3159 2478 3198 cum

392 3237 588 3294 Verbis
615 3247 1061 3314 comparentur3
1083 3247 1319 3312 oportet
1348 3235 1548 3310 utique
1567 3277 1586 3306 ,
1613 3245 1681 3292 ut
1705 3233 1766 3292 id
1795 3234 2142 3293 vocabulum
2161 3254 2294 3292 casu
2322 3248 2481 3295 recto

385 3333 695 3406 efferatur,
724 3345 783 3392 et
812 3333 985 3390 ducat
1024 3332 1376 3390 sententiam.
1405 3335 1598 3408 Atque
1625 3331 1702 3388 ita
1732 3351 1866 3390 sane
1897 3333 2060 3390 locus
2091 3332 2185 3390 hic
2213 3333 2422 3392 citatur
2446 3355 2480 3392 a

384 3429 699 3501 Diomede,
724 3451 783 3506 p.
817 3431 927 3506 394
953 3450 968 3486 :
998 3454 1024 3480 «ι
1052 3429 1168 3486 Sed
1192 3427 1418 3502 injecit,
1447 3429 1669 3506 inquit,
1700 3440 1929 3506 postera
1963 3439 2094 3488 aetas
2123 3449 2392 3501 manum3
2424 3443 2482 3490 et

385 3523 565 3582 veluti
590 3523 945 3601 discipiinam
974 3522 1202 3600 pristini
1225 3523 1443 3593 saeculi,
1470 3524 1548 3580 ita
1574 3534 1630 3580 et
1657 3542 1980 3600 sermonem
2003 3523 2252 3582 fastidire
2274 3526 2477 3600 coepit,

384 3634 445 3680 et
474 3639 627 3678 nova
654 3622 944 3698 parturire
969 3622 1179 3694 verba,
1206 3641 1335 3698 quae
1362 3621 1644 3696 juvenum
1677 3623 1794 3680 ritu
1827 3622 1944 3698 ipsa
1975 3621 2154 3680 modo
2185 3620 2398 3680 florent
2423 3633 2482 3680 et

383 3721 611 3797 vigent,
640 3730 707 3776 ut
738 3719 814 3776 ait
847 3721 1153 3791 Horatius,
1179 3744 1205 3771 α
1226 3720 1308 3776 Ut
1320 3718 1487 3791 solia
1530 3720 1592 3774 in
1633 3719 1788 3774 silvis
1825 3737 2050 3794 pronos
2089 3730 2384 3776 mutantur
2415 3719 2478 3776 in

384 3837 597 3888 annos,
620 3817 813 3874 Prima
836 3816 1080 3889 cadunt;
1110 3817 1185 3875 ita
1204 3815 1524 3874 verborum
1538 3825 1698 3872 vetus
1721 3815 1918 3874 interit
1935 3826 2091 3888 aetas,
2113 3817 2186 3871 Et
2197 3817 2480 3890 juvenum

383 3914 501 3972 ritu
528 3913 745 3972 florent
765 3913 945 3972 modo
970 3925 1130 3984 nata,
1152 3915 1479 3992 vigentque.
1504 3937 1528 3964 υ
1547 3911 1712 3970 Adde
1733 3923 1791 3969 et
1813 3903 1991 3980 illud,
2019 3911 2182 3989 quod
2209 3912 2357 3972 dure
2383 3913 2484 3972 ad-

386 4012 625 4070 modum
658 4025 715 4070 et
740 4011 1089 4072 inconcinne
1120 4011 1215 4069 ina
1247 4011 1687 4079 subnectuntur,
1717 4009 1920 4066 Pn’ma
1953 4012 2203 4078 cadunt3
2231 4011 2340 4068 nisi
2363 4023 2480 4068 no·-

528 4129 644 4165 m.
679 4131 733 4170 η.
1308 4181 1315 4188 .
2102 4105 2192 4178 33
