3000 4684
480 415 615 497 140

1032 409 1120 497 Q.
1173 407 1594 475 nonnul
1647 405 1998 473 FLAccl

466 551 685 619 Saevus
712 549 877 636 erit3
906 525 1152 642 neque,
1180 548 1351 616 sicut
1379 543 1663 641 simplex
1693 521 1990 631 Naevius,
2021 557 2291 612 unctam

398 697 409 707 ·
466 667 780 736 Convivis
808 666 1136 760 praebebit
1162 690 1402 760 aquam
1425 692 1439 734 :
1472 665 1706 734 vitium
1733 662 1866 732 hoc
1893 684 2158 756 quoque
2185 685 2531 757 magnum.

560 786 811 880 Accipe
836 810 1044 873 nunc,
1069 786 1285 854 victus
1308 785 1526 854 tenuis
1553 807 1698 878 quae
1721 795 2102 876 quantaque
2127 805 2350 850 secum

2491 799 2566 853 70

462 905 747 976 Afferat.
775 909 857 976 In
884 906 1120 1001 primis
1148 901 1366 974 valeas
1391 905 1602 973 bene:
1635 926 1794 971 nam
1821 900 2020 970 variae
2047 923 2154 968 res

462 1023 560 1091 Ut
592 1039 878 1093 noceant
908 1024 1207 1114 homini,
1243 1021 1512 1112 credas,

1547 1045 1810 1090 memor
1843 1017 2020 1088 illius
2055 1043 2216 1087 escae
2235 1069 2255 1106 ‚

461 1141 630 1230 Quae
663 1142 944 1237 simplex
976 1141 1139 1212 olim
1174 1143 1299 1212 tibi
1332 1140 1616 1226 sederit3
1653 1155 1722 1210 at
1753 1139 1951 1208 simul
1985 1137 2145 1208 assis

460 1257 811 1327 Miscueris
846 1257 1053 1350 elixa,
1087 1256 1283 1328 simul
1315 1255 1674 1352 conchylia
1706 1254 1918 1325 turdis
1935 1306 1954 1343 ‚

462 1375 705 1447 Dulcia
730 1404 799 1447 se
826 1379 899 1448 in
927 1377 1133 1448 bilem
1160 1393 1452 1467 vertent,
1482 1373 1965 1468 stomachoque
1993 1368 2355 1441 tumultum

462 1579 597 1632 modi
638 1595 917 1632 mensarum
956 1589 1105 1650 atque
1136 1587 1373 1648 apparatu
1390 1617 1405 1642 ,
1444 1596 1474 1630 n

460 1662 671 1716 servulis
706 1674 1017 1732 peccaretur,
1056 1665 1109 1716 in
1143 1681 1227 1716 eos
1266 1663 1477 1730 graviter

458 1751 668 1802 seviret.
694 1749 770 1802 De
795 1767 895 1820 qno
922 1748 1087 1802 Schol.
1110 1747 1299 1818 Porph.
1330 1768 1359 1796 «ι
1378 1747 1475 1800 Hic

458 1841 536 1883 est
546 1831 803 1900 Albutius,
818 1833 909 1902 qui
930 1833 1123 1901 elqans
1141 1831 1473 1884 conviviorum

456 1927 719 1984 apparator
747 1935 902 1970 saevus
931 1927 1010 1971 est
1040 1918 1241 1970 habitus
1274 1917 1327 1968 in
1356 1933 1469 1968 ser-

457 2017 597 2052 vos.»
614 2001 777 2054 Schol.
794 2002 951 2071 Cmq.
970 2020 1115 2070 asper
1126 2003 1179 2055 in
1190 2002 1427 2068 exigenda
1439 2017 1469 2051 a

457 2083 663 2150 singulis
682 2088 825 2154 pensi
846 2088 1037 2139 ratione
1056 2087 1431 2155 castigandoque
1450 2123 1465 2152 ,

456 2167 594 2230 adeo,
604 2178 663 2220 ut
672 2187 835 2223 servos
846 2189 943 2223 non
958 2189 1207 2241 nunquam
1218 2173 1470 2238 castigaret

456 2253 597 2321 prius
612 2291 627 2316 ‚
650 2264 703 2307 et
722 2255 931 2308 cederet
944 2293 959 2319 ,
988 2273 1136 2326 quam
1156 2264 1434 2324 peccassent
1450 2294 1465 2317 ‚

456 2335 655 2404 dicens,
685 2339 847 2391 vereri
870 2356 949 2406 se,
970 2357 1062 2405 ne,
1088 2355 1243 2409 quum
1272 2354 1471 2406 peccas-

457 2429 590 2485 sent,
606 2423 793 2476 cedere
808 2433 926 2476 tunc
936 2425 987 2476 ei
1000 2441 1100 2475 non
1113 2432 1323 2475 vacaret.
1334 2443 1361 2470 η
1370 2422 1466 2473 En.

454 2505 754 2577 -sn‘mplex
768 2541 787 2566 ,
814 2507 964 2558 nimis
986 2506 1261 2560 inan-iosus
1273 2545 1289 2572 ‚
1310 2506 1469 2572 negli-

452 2601 601 2656 gens3
620 2590 711 2659 qui
728 2607 903 2660 squam
922 2590 997 2643 vel
1016 2591 1131 2644 vino
1150 2591 1469 2657 miscendam,

454 2672 533 2726 vel
556 2675 910 2728 affundendam
934 2677 1164 2729 manibus
1182 2675 1257 2728 vel
1281 2676 1345 2728 ad
1364 2674 1471 2728 hs!-

454 2775 569 2827 nen,
602 2777 701 2812 non
730 2777 907 2830 puram
930 2769 982 2812 et
1003 2759 1282 2829 limpidam,
1314 2767 1372 2810 ut
1388 2759 1467 2826 fit,

451 2843 539 2895 scd
558 2853 777 2908 unctam,
798 2846 839 2897 i.
864 2863 913 2898 e.
931 2845 1075 2898 sorde
1094 2844 1403 2915 inquinatam
1418 2853 1472 2896 ct

450 2923 685 2992 pinguem
704 2928 973 2995 prebebat.
994 2928 1129 2981 Hinc
1148 2929 1269 2980 infr.
1288 2928 1353 2980 de
1368 2944 1470 2979 ser-

450 3008 548 3075 vis,
570 3009 673 3062 Sat.
696 3011 775 3078 II,
804 3021 861 3078 4,
891 3023 955 3064 '18
976 3032 990 3064 :
1016 3031 1045 3060 «ι
1064 3012 1247 3080 Magna
1268 3019 1464 3063 movent

450 3093 699 3145 stomacho
739 3093 941 3147 fastidia
954 3133 971 3160 ,
1010 3112 1099 3147 seu
1135 3111 1263 3162 puer
1298 3095 1462 3146 unctis

448 3171 701 3226 Tractavit
714 3177 916 3230 calicem
932 3177 1181 3242 manibus,
1194 3177 1315 3229 dum
1332 3177 1463 3228 furta

446 3254 702 3324 ligurrit.»
716 3260 842 3313 vid.
856 3278 991 3330 supr.
1006 3261 1108 3312 Sat.
1122 3261 1222 3326 lv,
1242 3261 1280 3311 l.
1300 3271 1354 3322 fl,
1370 3270 1455 3314 88.

446 3338 620 3394 En.—
634 3342 821 3395 visimus
844 3345 942 3397 hoc
960 3361 1169 3417 quoque
1188 3361 1458 3416 magnum,

447 3425 605 3480 nimis
636 3428 936 3497 negligentia
967 3446 1069 3481 non
1094 3428 1272 3480 vitium
1296 3428 1461 3480 minus

444 3521 540 3577 est,
556 3529 705 3582 quam
726 3514 883 3567 nimia
900 3513 1163 3567 samntio.
1187 3513 1284 3566 En.

520 3605 607 3648 ⁷⁰.
644 3599 843 3670 Accipe
874 3617 1021 3652 nunc
1044 3598 1219 3650 vicem
1252 3599 1425 3651 tenuis
1439 3634 1456 3658 ‚

444 3688 539 3732 etc.
568 3679 831 3754 Postquam
865 3686 1021 3738 mults
1040 3683 1208 3738 attulit
1229 3685 1461 3740 adversus

442 3759 745 3820 luxuriosam
792 3769 991 3823 vivendi
1038 3769 1279 3822 rationem
1298 3807 1315 3832 ‚
1354 3767 1460 3835 jam

445 3848 627 3900 transit
646 3861 790 3918 poeta
812 3855 877 3906 sd
902 3855 1141 3925 simplicis
1162 3854 1319 3908 victus
1351 3853 1461 3907 lau-

440 3929 555 3988 dem
571 3967 589 3997 ,
624 3935 756 4002 qnod
789 3939 940 3992 totius
971 3939 1207 3992 carminis
1229 3937 1459 4008 proposi-

444 4025 549 4067 tum
578 4024 685 4084 est,
716 4029 768 4070 et
797 4019 860 4072 ad
892 4023 1106 4088 primum
1138 4040 1334 4076 versum
1364 4039 1457 4091 sp-

442 4101 605 4171 prime
624 4101 857 4156 refertur.
878 4103 975 4154 En.
1000 4133 1069 4144 ·-
1089 4123 1211 4174 quoe
1226 4115 1458 4175 quanta—

2486 1369 2558 1443 75

1545 1592 1666 1648 que,
1697 1573 1810 1626 sub.
1833 1571 2100 1624 commoda.
2119 1598 2190 1610 —
2205 1569 2390 1622 valeas
2415 1568 2561 1628 bene,

1545 1661 1639 1714 hoc
1673 1659 2036 1726 subjunctivum
2063 1655 2253 1706 valeas
2286 1671 2396 1706 cum
2428 1670 2560 1721 μω-

1544 1743 1653 1796 ced.
1674 1741 1978 1810 jungendum
2009 1749 2086 1792 est
2117 1739 2327 1790 subaud.
2358 1747 2440 1788 ut:
2468 1737 2560 1788 hoc

1544 1827 1849 1881 cmmodum
1871 1825 2024 1876 affert
2047 1821 2284 1890 inprimis
2310 1820 2468 1872 tenuis
2484 1819 2558 1870 vi-

1541 1921 1668 1978 ctus,
1688 1920 1746 1962 ut
1771 1911 1900 1961 bona
1919 1905 2202 1958 valetudine
2227 1905 2425 1956 fruaris.
2457 1903 2552 1954 En.

1543 2013 1746 2048 ——nam
1767 1994 1936 2046 varice
1959 2008 2042 2043 res
2083 1987 2154 2041 Ut
2181 2007 2296 2041 noc.
2333 1988 2557 2046 homim',

1542 2078 1722 2133 credas
1737 2115 1756 2140 ,
1782 2091 2068 2146 persuasum
2088 2073 2272 2128 habeas
2287 2109 2302 2134 ,
2326 2071 2460 2124 varia
2485 2072 2556 2122 ci·

1539 2167 1716 2218 borum
1733 2179 1911 2230 genera
1926 2159 2120 2213 homini
2139 2173 2312 2210 nocere
2329 2191 2346 2222 ‚
2369 2171 2558 2207 memor

1541 2249 1680 2302 illius
1697 2266 1839 2311 escae,
1853 2257 1948 2300 etc.
1971 2244 2121 2298 muilta
2135 2243 2358 2294 ciborum
2375 2256 2552 2306 genera

1543 2346 1595 2386 et
1635 2333 1892 2387 difficilius
1931 2328 2163 2396 concoqui
2206 2334 2258 2377 et
2303 2323 2556 2377 stomacho

1543 2417 1764 2484 graviora
1801 2433 1907 2470 esse
1939 2414 2054 2484 quis
2087 2407 2277 2464 nescit?
2315 2409 2376 2461 ad
2403 2425 2554 2478 quam

1543 2519 1650 2554 rem
1692 2499 2076 2554 confirmandam
2113 2493 2350 2547 Horatius
2368 2531 2383 2556 ‚
2424 2492 2556 2562 quod

1541 2587 1750 2656 quisque
1770 2592 2002 2652 expertus
2021 2589 2116 2644 est,
2137 2587 2366 2632 testatur.
2384 2576 2557 2627 En.—

1542 2687 1695 2731 escoe,
1719 2671 1853 2735 Quoe
1875 2667 2089 2736 sirnplex
2109 2663 2231 2717 olim
2247 2662 2344 2715 uzi
2356 2659 2550 2719 sederit,

1541 2754 1596 2808 in
1624 2752 1928 2806 stomachum
1951 2749 2166 2802 demissa
2193 2745 2326 2798 nihil
2356 2745 2428 2797 ibi
2455 2759 2556 2796 mo-

1538 2835 1696 2889 lestiae
1741 2845 1793 2888 et
1837 2830 1975 2885 tedii
2020 2830 2344 2892 excitaverit3
2391 2825 2553 2879 tenuis

1539 2921 1677 2976 enim
1704 2929 1758 2972 et
1785 2917 1997 2986 simplex
2017 2918 2174 2968 victus
2191 2913 2360 2982 quiete
2379 2920 2431 2963 et
2446 2911 2556 2962 sine

1535 3004 1756 3058 molestia
1779 3002 1916 3056 sedet
1936 3002 1991 3053 in
2013 2999 2291 3058 stomach03
2315 2995 2550 3066 simplex,

1535 3107 1636 3142 non
1651 3088 1786 3140 varia
1799 3121 1816 3154 ,
1837 3085 1923 3138 sed
1943 3082 2095 3136 unius
2115 3081 2269 3134 modi.
2297 3079 2432 3130 Plin.
2455 3077 2543 3128 lib.

1536 3172 1616 3224 xl
1631 3211 1646 3235 ,
1667 3189 1712 3224 c.
1743 3183 1765 3222 ι
1780 3181 1874 3222 1⁷:
1903 3187 1930 3216 ι(
1951 3166 2144 3220 homini
2169 3164 2311 3216 cibus
2337 3160 2554 3213 utilissi-

1535 3273 1644 3309 mus
1675 3253 1916 3323 simple13
1947 3250 2188 3303 acervatio
2215 3262 2441 3316 saporum
2467 3261 2550 3311 pe-

1533 3344 1731 3405 stifera,
1753 3349 1807 3393 et
1821 3338 2136 3392 condimento
2157 3331 2492 3403 perniciosior.
2514 3348 2542 3374 ιι

1531 3427 1630 3478 En.
1649 3419 1972 3476 —acst'mul
1993 3421 2158 3478 assis,
2183 3427 2278 3469 etc.
2305 3411 2378 3466 At
2403 3411 2548 3463 simul

1460 3535 1473 3549 ·
1532 3528 1589 3563 ιο
1607 3509 1866 3562 miscueris
1887 3505 2046 3566 elstra,
2073 3510 2232 3556 coctas
2251 3515 2424 3552 carnes
2437 3512 2548 3548 cum

1531 3596 1695 3652 asub,
1727 3593 1962 3646 carnibus
1989 3589 2168 3652 tostis;
2198 3585 2348 3638 simul
2369 3601 2424 3637 ac
2447 3581 2550 3634 mi-

1531 3679 1720 3734 scueris
1739 3676 2032 3746 conchrlia,
2050 3683 2236 3739 ostrea,
2258 3671 2416 3739 pisces
2439 3683 2546 3720 cum

1533 3762 1700 3818 tur-dis
1715 3799 1733 3824 ‚
1757 3763 1931 3816 avibus
1947 3799 1964 3830 ‚
1985 3771 2088 3812 tum
2113 3753 2278 3810 dulcia
2297 3791 2311 3818 ,
2331 3763 2430 3806 etc.
2452 3751 2546 3802 En.

1532 3851 1668 3902 -In
1683 3849 1956 3902 miscueris
1971 3845 2150 3898 ultima
2167 3840 2353 3911 syllaba
2371 3855 2459 3905 per
2468 3852 2550 3886 οω-

1533 3950 1695 3986 suram
1718 3930 2024 4002 producitur.
2045 3957 2114 3966 —-
2133 3927 2191 3976 in
2212 3923 2360 3973 bilem
2377 3955 2396 3978 ‚
2430 3917 2549 3968 bilis

1533 4025 1610 4070 est
1630 4017 1811 4069 humor
1840 4015 1996 4067 siccus
2031 4021 2084 4062 et
2113 4005 2300 4060 oelidus
2317 4021 2331 4071 3
2351 4000 2546 4071 pituita

1534 4102 1712 4154 immor
1739 4097 1946 4167 frigidus
1965 4104 2017 4149 et
2031 4090 2264 4146 humidus
2284 4125 2298 4156 ,
2317 4085 2447 4140 unde
2469 4087 2546 4136 in-
