3000 4684
1102 365 1283 431 ΜΒ.
1337 366 1442 452 11,
1492 365 1861 435 sxa-vl.
2105 358 2111 370 '
2205 425 2211 433 .
2387 396 2524 463 229

446 503 736 570 Currere
769 525 887 596 per
922 515 1136 571 totum
1168 498 1400 594 pavidi
1431 499 1776 590 conclave,
1812 502 2153 595 magisque

446 620 799 691 Exanimes
832 618 1202 714 trepidare3
1235 618 1431 689 simul
1466 620 1704 689 domus
1734 616 1867 690 alta
1897 618 2207 690 Molossis

445 744 797 811 Pei-sonuit
827 742 1124 813 canibus,
1158 744 1331 813 Tum
1363 743 1683 812 rusticus:
1713 772 1745 807 (ι
1766 740 1965 811 Haud
1998 742 2168 836 mihi
2200 742 2331 811 vita
2413 754 2535 811 115

443 863 562 930 Est
591 885 760 956 opus
796 859 964 950 hac,
1003 861 1130 950 ait,
1165 877 1228 931 et
1264 860 1525 931 valeas:
1564 886 1672 930 me
1704 858 1869 930 silva
1901 885 2227 955 cavusque

443 980 652 1053 Tutus
682 980 768 1049 ab
805 978 1062 1049 insidiis
1093 980 1280 1048 tenui
1310 976 1637 1059 solabitur
1668 1001 1850 1046 ervo.
1880 1007 1913 1041 »

447 1166 550 1207 tum
569 1158 819 1210 convivam
841 1174 897 1211 se
923 1158 1457 1226 praeben—Molossis
1527 1186 1599 1197 —-
1616 1172 1733 1208 ervo
1746 1191 1764 1215 ,
1794 1157 2055 1223 leguminis
2085 1158 2293 1226 quodam
2317 1174 2495 1223 genere
2512 1177 2535 1221 ς

448 1240 698 1306 canibus}
721 1242 791 1295 cf.
821 1259 958 1313 supr.
985 1242 1049 1295 ad
1071 1240 1232 1311 Epod.
1257 1240 1336 1293 vl
1357 1277 1374 1304 ,
1401 1250 1452 1293 8.
1528 1242 1681 1293 tenui
1694 1256 1827 1305 ervo,
1852 1241 1915 1293 ad
1940 1250 2138 1293 tenuem
2162 1242 2344 1295 victum
2366 1243 2491 1294 ervi.

513 1490 781 1545 Arsuras.
808 1493 906 1545 Sua
936 1491 1055 1545 villa
1082 1502 1361 1554 contentus,
1407 1508 1461 1543 se
1481 1490 1613 1543 nihil
1646 1490 1859 1559 amplius
1888 1500 2058 1560 optare
2078 1492 2336 1559 profitetur
2360 1500 2533 1560 poeta3

449 1576 582 1631 Deos
618 1578 953 1631 {antummodo
989 1588 1236 1647 precatur,
1268 1587 1326 1629 ut
1351 1577 1480 1645 ipsi,
1510 1576 1639 1644 quod
1668 1576 1849 1640 habet,
1871 1576 2124 1651 proprium
2152 1586 2407 1644 tutumque
2428 1592 2535 1627 ma·
2613 1562 2617 1567 ¹

449 1674 596 1730 neat;
619 1681 705 1717 rus
723 1666 908 1715 etenim
933 1665 1159 1717 secedere
1191 1673 1324 1715 amat
1339 1701 1356 1725 ‚
1389 1664 1476 1715 ubi
1503 1662 1720 1714 carmina
1743 1671 2030 1731 componat;
2063 1659 2233 1713 Romae
2252 1673 2415 1713 antem
2436 1679 2536 1714 non

448 1750 548 1802 nisi
581 1752 791 1803 molesta
820 1748 922 1802 vita
949 1760 1045 1801 est.
1075 1750 1351 1819 Importuni
1373 1749 1560 1803 scilicet
1586 1750 1807 1802 homines
1838 1750 1975 1802 mille
2003 1748 2206 1813 negotiis
2234 1766 2345 1799 eum
2377 1751 2539 1816 impe-

449 1835 614 1887 diunt.
651 1834 730 1887 Ea
769 1836 905 1903 ipsa,
942 1853 1038 1906 qua
1087 1852 1394 1905 summopere
1425 1836 1601 1903 gaudet
1646 1852 1704 1887 ac
1736 1836 1973 1901 gloriatur
2004 1834 2289 1885 Maecenatis
2322 1832 2541 1885 amicitia

454 1920 689 1973 invidiam
711 1930 887 1974 movet.
911 1921 1041 1974 Hinc
1061 1931 1204 1991 poeta
1231 1939 1313 1973 rus
1333 1938 1484 1991 usque
1503 1920 1663 1973 colere
1680 1921 1907 1989 exoptat,
1934 1928 1987 1971 et
2007 1920 2235 1971 rusticam
2253 1919 2401 1970 vitam
2425 1918 2535 1969 lau-

450 2008 598 2061 dibus
629 2008 800 2061 effert.
843 2008 980 2061 Rure
1005 2024 1142 2073 coena
1173 2018 1250 2060 est
1274 2024 1416 2076 parca
1435 2048 1452 2073 ‚
1485 2010 1573 2062 sed
1594 2008 1789 2068 suavis3
1830 2024 2027 2079 somnus
2064 2005 2390 2074 tranquillus3
2424 2021 2541 2071 gra·-

451 2098 636 2149 tissima
664 2096 716 2147 in
739 2094 976 2149 conviviis
1001 2095 1222 2155 libertas,
1247 2112 1414 2163 graves
1445 2097 1579 2149 inter
1599 2112 1781 2147 coenam
1803 2109 2071 2156 sermones,
2090 2092 2166 2144 vel
2186 2084 2337 2145 etiam
2360 2092 2537 2162 lepidas

441 2186 506 2238 de
538 2186 840 2251 argumentis
873 2184 1056 2237 severis
1091 2184 1525 2237 confabulationes.
1558 2185 1621 2236 In
1656 2185 1793 2250 cujus
1830 2182 1902 2235 rei
1930 2183 2206 2251 exemplum
2227 2182 2378 2234 affert
2398 2194 2542 2250 pocta

443 2272 750 2323 notissimam
773 2272 931 2323 muris
961 2271 1140 2322 urbani
1175 2280 1226 2322 et
1254 2271 1409 2331 muris
1439 2269 1611 2321 rustici
1648 2269 1882 2321 fabulam.
1902 2296 1977 2307 —
1995 2267 2310 2320 Clarissimus
2344 2265 2542 2320 Horatii

444 2358 688 2426 interpres
710 2376 766 2410 ac
785 2356 1424 2422 commentator,Wieland,
1439 2356 1754 2423 singularem,
1768 2366 1825 2407 ut
1839 2355 1985 2408 nobis
1999 2354 2211 2421 videtur,
2231 2356 2349 2407 huic
2365 2355 2541 2407 satim

443 2448 740 2499 occasionem
761 2446 1019 2519 supposuit
1035 2464 1047 2494 ε
1077 2446 1201 2498 dicit
1218 2445 1404 2499 scilicet
1418 2445 1703 2509 Horatium,
1719 2447 1983 2511 urbanum,
2005 2453 2056 2495 et
2073 2444 2543 2511 elegantissimorum

446 2530 700 2583 bominum
720 2534 1008 2585 commercio
1031 2533 1286 2584 adsuetum
1307 2568 1322 2592 ,
1353 2548 1527 2600 parum
1549 2542 1737 2596 gratum
1761 2530 1919 2582 videri
1944 2528 2175 2583 debuisse
2190 2529 2417 2582 ruricolis
2433 2567 2449 2592 ‚
2473 2530 2544 2580 ti·-

451 2618 698 2670 mentibus
725 2635 787 2670 ne
811 2622 874 2671 ab
908 2636 968 2672 eo
1000 2620 1372 2687 despicerentur
1387 2636 1408 2683 ς
1443 2627 1635 2685 poetam
1662 2628 1825 2668 autem
1859 2623 1917 2667 ut
1948 2632 2055 2667 eam
2084 2618 2147 2669 de
2176 2634 2231 2669 se
2257 2618 2541 2685 opinionem

449 2702 580 2771 apud
600 2703 726 2755 villae
749 2720 848 2755 suoe
869 2704 1051 2755 vicinos
1075 2704 1289 2765 deleret,
1312 2719 1579 2771 eorumque
1597 2702 1862 2753 amicitiam
1886 2700 1984 2751 sibi
2006 2701 2315 2767 conciliaret,
2338 2704 2465 2755 hanc
2480 2704 2543 2753 de

446 2791 550 2845 vita
585 2788 766 2841 rustica
800 2788 1011 2840 Satin-am
1049 2788 1318 2857 scripsisse.
1356 2787 1464 2840 Nos
1486 2797 1651 2839 autem
1676 2796 1775 2837 tam
1798 2784 1940 2849 longe
1962 2786 2215 2853 quaesitam
2240 2788 2541 2841 occasionem

446 2896 548 2931 non
575 2875 890 2929 admittemus
904 2912 919 2941 ,
941 2872 1036 2926 rati
1052 2874 1338 2937 Horatium,
1356 2874 1511 2927 veluti
1535 2891 1707 2927 omnes
1726 2880 1893 2940 poetas
1905 2876 1929 2932 ‚⁴
1943 2872 2129 2939 saepissi
2137 2888 2213 2922 me
2234 2872 2425 2925 urbana
2443 2875 2547 2927 vita

446 2980 506 3015 ac
521 2964 692 3031 Roma
709 2960 926 3013 tumultu
939 2960 1188 3013 defessum
1209 2960 1366 3012 fuisse
1383 2999 1398 3023 ,
1431 2969 1484 3011 et
1506 2975 1605 3011 non
1630 2946 1859 3009 nisscum
1886 2971 2058 3022 magna
2082 2952 2331 3022 voluptate
2354 2974 2439 3008 rus
2462 2976 2544 3009 se-

345 3071 354 3083 ·
427 3050 680 3129 κιειιειιίωεες
706 3049 838 3101 unde
862 3048 972 3101 vitm
996 3050 1190 3101 rustica
1209 3047 1381 3100 landes
1393 3045 1904 3101 cecinit.--Notanda
1928 3045 1983 3097 in
2006 3044 2155 3113 liujus
2172 3029 2347 3095 Satira
2364 3046 2463 3097 fine
2479 3047 2545 3099 de

442 3140 634 3193 duobus
657 3138 884 3193 muribus
911 3138 1098 3205 fabula,
1118 3148 1172 3189 et
1193 3136 1482 3191 elocutionis
1507 3144 1701 3199 ornatu,
1726 3146 1780 3187 et
1805 3134 2075 3202 imaginum
2096 3132 2559 3203 sententiarumque.

442 3229 696 3296 ingeniosa
711 3227 1046 3281 concinnitate
1067 3242 1123 3278 ac
1141 3226 1445 3295 proprietate
1463 3241 1716 3295 nunquam
1732 3224 1852 3277 satis
1869 3222 2128 3276 laudanda.
2154 3221 2237 3274 Sic
2252 3221 2319 3272 de
2343 3238 2401 3273 ea
2430 3238 2547 3274 sen-

443 3316 597 3367 tiebat
621 3316 889 3384 imperator
906 3314 1106 3366 Marcus
1125 3312 1410 3366 Antoninus
1423 3348 1440 3379 ‚
1461 3312 1553 3364 lib.
1580 3312 1661 3364 lx
1678 3351 1694 3380 ,
1712 3312 1921 3380 Re'slex.
1947 3308 2181 3362 morales.
2202 3306 2345 3361 Hanc
2362 3309 2543 3360 imitati

447 3410 562 3451 sunt
579 3418 750 3468 parum
773 3400 987 3453 feliciter
1009 3400 1186 3463 multi,
1210 3400 1341 3453 inter
1360 3416 1482 3469 quos
1502 3396 1817 3469 Aphthonius
1834 3436 1849 3460 ‚
1881 3398 2070 3451 Rhetor
2086 3393 2456 3459 Antiochenu35
2492 3404 2545 3447 et

447 3502 510 3537 ex
533 3486 834 3537 nostratibus
851 3484 1146 3537 Benserade
1157 3522 1177 3547 ,
1209 3486 1519 3545 nour-sauli,
1544 3488 1721 3539 Gacon
1736 3522 1753 3546 ‚
1780 3484 1949 3537 Collin
1978 3480 2318 3535 &Har-levina
2345 3492 2395 3533 et
2426 3480 2543 3532 huie

443 3570 768 3625 amicissimus
783 3569 1094 3631 Andricus,
1119 3582 1325 3641 uterque
1343 3570 1543 3625 dotibus
1570 3572 1758 3639 ingenii
1786 3580 1839 3623 et
1866 3570 2019 3623 animi
2044 3566 2411 3621 celeberrimus.
2436 3565 2545 3619 Hos

441 3666 786 3726 argumentum
803 3660 1028 3712 tractavit
1048 3659 1196 3712 etiam
1217 3660 1491 3712 Fontanius
1508 3669 1703 3726 noster-3
1726 3658 1965 3711 miramur
1980 3664 2143 3708 autem
2160 3669 2305 3722 quam
2319 3653 2539 3720 jejunam

439 3762 496 3799 ac
511 3746 786 3799 decolorem
808 3764 868 3799 ex
889 3756 986 3799 tam
1009 3756 1148 3813 grato
1165 3756 1452 3813 argumento
1476 3730 1690 3799 fabulani
1708 3744 1947 3806 duxerin
1976 3750 2211 3810 quantum
2241 3732 2295 3791 in
2323 3758 2379 3793 ea
2401 3752 2451 3793 et
2474 3740 2538 3793 ab

441 3832 669 3899 Horatio,
700 3842 754 3885 et
782 3850 812 3885 a
842 3851 896 3887 se
927 3834 1034 3903 ipso
1061 3833 1230 3884 distet.
1257 3830 1457 3885 Horatii
1479 3832 1694 3883 fabulam
1721 3829 1775 3881 iu
1797 3829 1991 3896 gallicos
2007 3842 2177 3877 vei-sus
2193 3828 2426 3879 convertit
2442 3844 2541 3879 an-

442 3920 685 3990 tiquitatis
719 3920 1085 3973 amantissimus
1101 3958 1118 3983 ‚
1144 3920 1372 3989 idemque
1390 3919 1669 3971 miserrime
1688 3918 1873 3969 occisus
1894 3926 2035 3985 poeta
2053 3909 2255 3981 (Andre
2271 3912 2539 3983 dembrk

444 4008 579 4075 cujus
594 4008 923 4070 carminibus,
945 4008 1062 4060 licet
1077 4007 1220 4075 longo
1237 4008 1388 4060 etiam
1409 4006 1667 4059 intervallo
1682 4004 1943 4063 Horatium
1965 4011 2215 4075 sequatur,
2234 4002 2391 4055 mirus
2404 4004 2559 4071 lepos.

445 4106 502 4143 ac
533 4091 840 4157 gratissimus
877 4094 1007 4145 inest
1039 4092 1248 4145 Romani
1285 4101 1436 4162 poete
1470 4108 1659 4145 sensus.
1698 4090 1795 4143 En.
2188 4156 2249 4231 5³

2142 4184 2163 4234 1
2222 4220 2230 4228 .
