3000 4684
524 336 663 413 512
1294 344 1825 415 EXCURSUS

518 494 661 545 rem,
684 476 735 533 si
758 476 937 533 Musis
960 476 1162 551 placet,
1187 489 1244 534 et
1264 477 1534 535 intactum
1555 480 1676 537 aliis
1701 480 1860 551 dixit,
1885 502 2068 556 quum
2083 488 2408 545 Incidentia
2423 492 2616 557 nomi-

516 571 705 627 navit:
736 570 879 646 quid
898 571 1029 638 hoc,
1050 570 1233 633 sodes.
1256 572 1417 628 aliud
1446 584 1547 640 est,
1570 591 1746 646 quam
1763 576 2012 633 delectus
2029 584 2248 636 rerum?
2266 583 2407 656 quid
2429 585 2610 655 aliud,

516 686 688 741 quam
720 668 881 742 quod
912 686 1083 725 versu
1117 660 1349 725 demum
1376 667 1489 749 ,¹5⁰
1513 668 1906 738 habetur,«....
1927 686 1986 730 et
2009 694 2137 749 quae
2167 680 2448 755 Desperat
2477 690 2608 737 tra-

513 774 659 819 ctata
678 764 955 821 nitescere
972 782 1165 839 posse,
1186 763 1495 837 relinquit?
1511 789 1535 815 ι»
1551 767 1628 820 At
1645 784 1835 841 neque
1853 768 1940 826 bis
1959 770 2112 827 idem
2131 773 2348 832 diceret
2365 778 2420 831 N
2421 788 2610 845 oster;

512 878 700 934 neque
728 871 844 915 tam
869 872 1088 928 mutus,
1112 871 1216 916 eut
1241 860 1556 917 verborum
1583 882 1809 938 pauper
1831 877 1954 922 erat
1969 908 1986 936 ,
2013 879 2078 923 ut
2097 881 2384 947 praecepto
2407 873 2509 929 illo
2529 874 2608 930 de

512 956 901 1014 Incidentibus
924 968 1037 1013 tam
1061 956 1313 1013 breviter
1344 958 1660 1033 leviterque
1685 958 2122 1037 defungeretur,
2146 966 2270 1023 Hoc
2288 981 2468 1035 amet,
2491 969 2608 1026 hoc

512 1069 767 1131 spernat.

592 1154 750 1224 Quid
794 1156 1011 1213 multa?
1067 1156 1327 1213 Restituo
1369 1156 1506 1215 huic
1553 1157 1746 1215 versui
1788 1179 1958 1216 suum
2001 1162 2198 1219 locum
2235 1174 2292 1219 et
2337 1164 2604 1222 ordinem

504 1253 635 1325 jam.
649 1252 779 1327 plus
810 1252 967 1309 mille
992 1272 1203 1323 annos,
1240 1264 1305 1309 ut
1331 1273 1403 1310 ex
1436 1255 1638 1311 Servio
1670 1268 1855 1331 patet,
1896 1258 2194 1328 amissum;
2231 1280 2416 1335 eoque
2439 1262 2602 1319 indi-

504 1351 701 1426 gnius,
740 1352 901 1425 quod
934 1353 1007 1414 de
1035 1352 1257 1409 Ordine
1280 1353 1403 1425 jam
1436 1372 1594 1409 nunc
1633 1365 1940 1413 tractatum
1973 1371 2132 1415 erat:
2165 1384 2188 1410 α
2219 1360 2454 1417 Ordinis
2475 1360 2598 1417 haec

504 1448 685 1506 virtus
710 1449 826 1505 erit
849 1461 908 1505 et
934 1469 1145 1520 venus,
1178 1461 1280 1507 aut
1304 1468 1411 1525 ego
1440 1450 1640 1521 fallor,
1673 1454 1755 1509 Ut
1785 1454 1908 1527 jam
1937 1475 2092 1513 nuuc
2123 1458 2273 1513 dicat
2291 1456 2415 1531 jam
2438 1478 2598 1516 nunc

506 1546 769 1603 debentia
814 1546 957 1615 dici;
1003 1547 1284 1621 Pleraque
1317 1546 1573 1617 differat,
1621 1560 1678 1606 et
1709 1569 1958 1625 praesens
1997 1552 2054 1607 in
2099 1564 2323 1631 tempus
2355 1556 2594 1611 omittat.

504 1644 575 1699 In
604 1642 795 1699 verbis
820 1643 997 1699 etiam
1018 1644 1208 1700 tenuis
1228 1653 1544 1717 cautusque
1563 1647 1847 1714 serendis,
1873 1647 1998 1702 Hoc
2017 1661 2197 1719 amet,
2227 1650 2338 1707 hoc
2361 1662 2601 1729 spernat

497 1742 782 1817 promissi
810 1742 1083 1797 carme'm's
1104 1754 1323 1797 auctor.
1360 1740 1591 1799 Dixeris
1624 1743 1880 1819 egregie,
1911 1754 2118 1800 notum
2147 1747 2195 1802 si
2219 1748 2420 1804 callida
2452 1767 2593 1805 ver-

502 1837 645 1894 bum
664 1838 1000 1895 Reddiderit
1015 1838 1291 1911 junctura
1318 1856 1558 1895 novum.
1583 1865 1607 1890 n
1631 1841 1822 1909 Vides,
1853 1842 2022 1899 unius
2048 1846 2312 1902 versiculi
2338 1847 2594 1921 trajectio

502 1954 643 2009 quas
664 1934 859 1994 turbas
876 1934 1129 2003 dederit,
1152 1944 1298 2008 quot
1314 1945 1538 1993 coactas
1563 1947 1620 1992 ct
1645 1936 1865 2011 ineptas
1886 1938 2404 1997 commentationes
2422 1962 2594 2018 pepe·

502 2034 661 2091 rerit.
690 2034 950 2101 Subtilis,
978 2034 1191 2108 inquit,
1216 2045 1273 2089 et
1295 2045 1495 2091 cautus
1526 2052 1590 2089 ac
1619 2032 1869 2091 difficilis
1901 2036 1962 2092 in
1988 2038 2179 2095 verbis
2203 2039 2592 2111 admittendis,

500 2131 613 2187 hoc
640 2128 933 2209 (verbum)
966 2140 1143 2201 emet,
1173 2130 1287 2187 hoc
1313 2141 1584 2205 spernat:
1617 2129 1730 2187 hoc
1763 2143 1832 2187 ut
1861 2133 2114 2207 probum
2145 2136 2403 2211 recipiat,
2439 2138 2594 2195 illud

496 2238 565 2281 ut
587 2237 755 2286 κακοῦ
780 2232 1057 2305 κόμματος
1084 2226 1350 2302 repudiet
1372 2236 1546 2299 atque
1577 2226 1832 2299 abjiciat,
1851 2240 2161 2303 utcumque
2183 2231 2453 2305 populari
2474 2252 2588 2289 usu

496 2328 658 2402 quasi
686 2328 911 2385 civitate
939 2328 1211 2385 donetur.
1244 2328 1337 2385 Sic
1362 2340 1419 2385 et
1437 2328 1616 2403 Epist.
1639 2328 1710 2385 ad
1739 2328 1976 2385 Florum
2003 2330 2089 2395 11,
2118 2346 2183 2396 2,
2207 2346 2260 2386 v.
2288 2328 2428 2385 106:
2452 2355 2476 2379 α
2499 2332 2583 2386 At

494 2423 598 2498 qui
621 2423 935 2497 legitimum
962 2424 1153 2497 cupiet
1172 2422 1363 2479 fecisse
1382 2440 1618 2496 poema,
1645 2421 1790 2476 Cum
1817 2420 2022 2477 tabulis
2047 2425 2298 2476 animum
2319 2425 2587 2480 censoris

493 2531 676 2578 sumet
694 2520 950 2579 honesti:
982 2520 1239 2577 Audebit
1266 2537 1642 2594 quaecumque
1666 2536 1873 2593 parum
1900 2518 2222 2593 splendoris
2244 2518 2550 2576 habebunt
2565 2563 2582 2589 ,

500 2618 685 2675 Verba
704 2638 938 2677 movere
963 2620 1129 2689 loce,
1157 2619 1417 2693 quamvis
1446 2619 1622 2675 invita
1653 2618 1948 2687 recedant,
1973 2620 2049 2674 Et
2069 2630 2371 2677 versentur
2389 2620 2582 2677 adhuc

491 2718 643 2776 intra
668 2722 980 2795 penetralia
1007 2723 1217 2779 Vestae:
1249 2721 1570 2779 Obscuram
1605 2720 1708 2777 diu
1735 2722 1959 2797 populo
1980 2721 2167 2799 bonus
2193 2700 2386 2793 eruet,
2407 2734 2580 2797 atque

488 2816 753 2875 Prosci-et
784 2819 845 2873 in
871 2819 1063 2877 lucem
1084 2819 1339 2894 speciosa
1366 2818 1655 2875 vocabula
1681 2808 1903 2887 rerum,
1924 2830 2027 2875 etc.
2049 2843 2073 2869 n
2107 2820 2318 2888 Sentis,
2342 2822 2578 2897 opinor,

486 2917 551 2973 in
581 2917 861 2992 promisso
892 2930 949 2975 et
973 2918 1226 2993 legitimo
1262 2917 1516 2976 carmine
1553 2915 1675 2973 haec
1706 2917 1886 2982 verba
1915 2929 2101 2993 poetae
2130 2918 2387 2973 amanda
2402 2961 2421 2986 ,
2453 2918 2575 2976 haec

482 3016 809 3090 spernenda
828 3034 961 3073 esse.
984 3016 1138 3087 Quin
1160 3026 1219 3071 et
1236 3014 1532 3089 sequeutia
1553 3013 1645 3069 illa
1661 3054 1678 3081 ,
1699 2986 1940 3071 Dixeris
1964 3016 2207 3093 egregie,
2230 3014 2354 3089 jam
2367 3017 2574 3073 cultius

485 3124 543 3170 et
556 3112 890 3170 concinnius
908 3113 1201 3188 posthanc
1220 3112 1679 3169 emendationem
1701 3110 1999 3168 feruntur:
2021 3132 2154 3169 nam
2176 3124 2338 3170 antea
2351 3154 2368 3181 ,
2390 3132 2574 3187 quum

484 3212 563 3268 sic
582 3212 781 3284 juncta
798 3222 1177 3285 ponerentur,
1205 3235 1231 3261 ιι
1248 3212 1319 3266 Iu
1348 3210 1541 3265 verbis
1563 3209 1732 3265 etiam
1758 3210 1946 3267 tenuis
1970 3222 2281 3285 cautusque
2301 3210 2568 3267 serendis.

482 3308 713 3365 Dixeris
728 3308 959 3385 egregie
976 3320 1179 3365 notum
1199 3309 1249 3366 si
1262 3306 1469 3364 callida
1487 3307 1726 3392 verbum
1738 3326 1762 3375 ,·
1777 3330 1801 3357 υ
1823 3308 2021 3363 Verbis
2042 3307 2238 3382 utique
2255 3319 2310 3364 et
2330 3305 2570 3363 ver-bum

482 3414 597 3461 tam
622 3404 953 3480 propinqua
981 3404 1319 3480 repetitione
1348 3419 1572 3458 meram
1599 3400 1848 3459 scabiem
1881 3413 1936 3458 et
1965 3402 2170 3459 sordes
2189 3420 2310 3477 prae
2329 3420 2386 3457 se
2407 3398 2568 3456 fere-

480 3500 638 3559 bant.
686 3502 815 3557 Jam
852 3510 1043 3557 autem
1078 3498 1275 3557 similis
1331 3496 1502 3573 plane
1541 3496 1604 3552 in
1647 3498 1941 3574 plerisque
1982 3497 2145 3555 libris
2188 3498 2444 3571 trajectio
2487 3508 2570 3553 est

480 3598 658 3675 Epist.
694 3600 749 3669 1,
788 3618 837 3666 1,
864 3616 921 3653 v.
958 3594 1051 3670 57,
1086 3595 1202 3653 illic
1234 3608 1423 3653 tamen
1454 3614 1606 3651 unus
1637 3606 1696 3651 et
1728 3596 1874 3651 alter
1905 3595 2087 3652 codex
2119 3607 2334 3652 rectam
2364 3593 2570 3651 seriem

476 3694 753 3767 tenuit,
788 3694 881 3751 hic
908 3693 1119 3751 nullus.
1160 3695 1380 3769 Nempe
1416 3691 1585 3769 prior
1623 3702 1680 3747 et
1713 3690 2007 3767 antiquior
2037 3690 2257 3748 luxatio
2294 3691 2417 3748 haec
2449 3701 2568 3759 est,

476 3813 653 3869 quam
682 3796 879 3851 altera.
912 3793 1183 3851 Ceterum
1206 3791 1352 3849 illud
1382 3800 1574 3848 sancte
1601 3786 1890 3847 affinmre
1915 3808 2148 3865 possum
2165 3830 2182 3860 ‚
2219 3808 2312 3845 me
2337 3788 2568 3845 nullum

476 3910 719 3964 usquam
732 3904 832 3947 aut
843 3891 1086 3961 Horatii,
1102 3904 1201 3949 aut
1214 3889 1463 3964 cujusvis
1478 3898 1663 3963 poetae
1682 3887 1890 3943 veteris
1909 3888 2354 3962 manuscriptum
2373 3902 2569 3940 exem-

477 3986 606 4058 plar
624 3989 931 4045 vei-cavisse
944 4028 961 4057 ,
994 3989 1055 4044 in
1080 4006 1201 4061 quo
1226 3987 1414 4045 scriba
1445 4002 1673 4041 versum
1706 3984 1956 4060 aliquem
1987 4003 2122 4041 casu
2149 4002 2270 4041 non
2296 3980 2570 4039 omiserit.

478 4080 597 4151 Qui
622 4098 813 4151 error,
842 4084 949 4141 ubi
968 4084 1303 4157 aliquandiu
1336 4083 1534 4152 latuit,
1567 4082 1625 4137 in
1655 4082 1916 4158 margine
1945 4079 2180 4141 demum
2216 4079 2532 4156 corrigitur
2558 4101 2576 4137 ι
