3000 4684
460 461 643 482 m
646 453 2302 484 mmmmmsfimm
2305 455 2548 478 m

1104 672 1927 780 EXCURSUS

803 925 901 986 IN
954 919 1530 985 EPISTOLAM
1583 919 1710 985 AD
1769 919 2226 984 PISONES.

1262 1319 1658 1382 Excunsus
1710 1321 1764 1382 1.

586 1511 685 1572 De
736 1505 925 1570 titulo
970 1506 1163 1592 hujus
1210 1507 1516 1593 Epistolae
1535 1553 1554 1587 ,
1600 1529 1744 1593 quae
1793 1507 1990 1594 vulgo
2027 1505 2403 1576 inscribitur
2417 1553 2436 1586 ‚

1148 1614 1223 1678 de
1244 1616 1403 1686 Arte
1412 1615 1660 1703 poeeim
1689 1615 1866 1678 liber.

548 1798 739 1858 Potest
768 1794 865 1852 hic
895 1795 1123 1853 libellus
1150 1797 1455 1854 commode
1486 1796 1692 1854 haberi
1725 1815 1836 1872 pro
1871 1798 2108 1874 epistola
2146 1797 2284 1853 libri
2318 1794 2556 1856 secundi

468 1895 661 1962 tertia,
690 1896 791 1970 qui
822 1895 901 1952 sic
934 1913 1057 1952 non
1083 1897 1272 1970 major
1299 1897 1407 1956 erit
1438 1896 1594 1954 libro
1622 1897 1848 1972 primo:
1882 1916 1990 1954 nec
2019 1908 2344 1972 temporum
2377 1894 2554 1962 ratio,

467 2003 572 2050 aut
604 1991 765 2048 aliud
802 1993 1217 2064 necessarium,
1256 1994 1419 2070 quod
1458 1993 1662 2062 sciam,
1703 2006 2105 2070 argumentum
2143 1994 2346 2052 obstat.
2384 1995 2559 2050 Favet

466 2089 633 2147 etiam
660 2087 973 2156 Charisius,
1002 2089 1129 2162 qui,
1160 2109 1217 2164 p.
1250 2089 1431 2148 zan-3
1467 2100 1526 2146 et
1553 2091 1774 2149 183-10
1801 2090 2132 2166 simpliciter
2149 2071 2553 2165 ¹1.'s*pi.s·tolm·um

462 2186 729 2255 nomine,
768 2204 895 2261 quae
931 2185 1026 2241 hic
1061 2185 1356 2262 leguntur,
1394 2187 1604 2244 laudat.
1648 2190 1876 2244 Mature
1916 2199 2106 2244 tamen
2143 2199 2208 2242 ut
2253 2184 2556 2261 peculiaris

460 2283 689 2342 libellus
714 2282 999 2354 laudatur,
1027 2302 1061 2340 a
1082 2282 1465 2354 Quintiliano,
1500 2285 1678 2361 Epist.
1706 2285 1781 2342 ad
1803 2284 2064 2361 Trypho.
2095 2284 2196 2340 ubi
2221 2283 2554 2359 simpliciter

460 2397 645 2442 anem
656 2384 955 2460 poeticam
974 2395 1171 2452 νοσεῖς
1198 2385 1425 2453 etv111,
1452 2385 1505 2454 3,
1532 2385 1628 2455 60,
1655 2405 1728 2446 ex
1745 2387 1942 2460 prima
1965 2396 2137 2460 parte
2163 2383 2297 2438 libri
2321 2383 2396 2438 de
2417 2383 2557 2436 Arte

458 2483 693 2556 poetica
707 2481 891 2556 ipsum
903 2480 1073 2538 affert
1084 2481 1452 2559 principium.
1470 2484 1790 2542 Priscianus
1804 2501 2056 2558 quoque,
2072 2492 2126 2538 et
2139 2481 2236 2537 alii
2253 2482 2370 2536 Gra
2377 2497 2553 2535 mma-

466 2579 561 2634 tici
592 2579 795 2654 passim
820 2579 1123 2636 Horatium
1152 2581 1225 2636 de
1243 2583 1387 2637 Arte
1406 2583 1646 2655 poetica
1669 2583 1858 2638 citant.
1873 2585 1981 2638 An
2011 2581 2362 2638 occasionem
2390 2596 2554 2653 sepa-

464 2678 635 2735 randi
668 2678 977 2735 voluminis
1006 2679 1195 2750 dedit,
1226 2678 1388 2755 quod
1420 2691 1487 2736 ut
1517 2683 1802 2754 somnium
1828 2681 2116 2756 Scipe‘onis
2148 2697 2226 2733 ex
2265 2673 2553 2733 Ciceronis

464 2795 639 2853 opere
663 2778 737 2834 de
762 2778 1076 2852 Republica
1112 2792 1451 2856 excerptum
1480 2779 1812 2837 Macrobius
1849 2779 2176 2855 explicavit,
2213 2777 2290 2833 sic
2329 2787 2554 2832 mature

466 2874 833 2931 Grammatici
868 2875 1171 2932 Horatium
1200 2876 1569 2951 interpretari
1597 2894 1840 2950 coepere.
1869 2876 2038 2930 Certe
2073 2872 2329 2928 Terentii
2355 2873 2562 2926 Scauri

466 2969 667 3048 (quem
691 2969 965 3028 Hadriani
992 2972 1354 3046 temporibus
1390 2972 1633 3046 assignat
1662 2970 1908 3040 Gellius,
1944 2970 2028 3037 Π,
2065 2965 2164 3044 15)
2197 2979 2554 3022 commenta-

462 3069 673 3124 riorum
712 3069 773 3124 in
812 3070 1013 3124 Artem
1044 3073 1345 3142 poeticam
1384 3071 1622 3126 Horatii
1659 3069 1864 3124 librum
1903 3069 1972 3122 X
2002 3066 2198 3123 laudat
2231 3065 2552 3133 Charisius,

462 3187 523 3243 p.
555 3165 742 3224 182-5
772 3177 827 3222 et
860 3167 1101 3243 188-97.
1131 3169 1201 3224 In
1223 3170 1396 3226 MSS.
1419 3180 1476 3225 et
1498 3167 1700 3244 priscis
1725 3166 2070 3224 editionibus
2089 3165 2206 3239 jam
2237 3175 2366 3241 post
2391 3165 2552 3240 Epo-

459 3264 567 3321 dos
594 3275 651 3320 et
675 3265 923 3321 Carmen
950 3266 1237 3323 Saeculare
1262 3267 1521 3342 ponitur,
1550 3279 1615 3324 ut
1651 3267 1712 3322 in
1747 3267 1871 3322 MS.
1904 3263 2297 3340 Gottingensi,
2326 3262 2458 3318 item
2491 3261 2552 3316 in
2615 3281 2624 3292 ’

458 3363 567 3417 Ed.
588 3363 1007 3420 Mediolanensi
1034 3370 1201 3438 1477,
1228 3365 1289 3420 in
1309 3367 1526 3423 Veneta
1563 3373 1732 3442 1479,
1759 3377 1865 3423 etc.
1895 3383 2076 3440 usque
2101 3363 2174 3420 ad
2199 3364 2270 3419 H.
2302 3360 2550 3436 Stepha-

463 3477 637 3527 ”⁰³¹3
670 3479 825 3518 nunc
859 3460 1051 3518 medio
1088 3461 1238 3520 inter
1274 3463 1556 3538 Epistolas
1589 3475 1646 3521 et
1679 3467 1988 3521 Sermones
2024 3461 2188 3531 loco,
2223 3469 2288 3516 ut
2326 3457 2384 3514 in
2417 3458 2551 3514 edit.

462 3556 689 3626 Zaroti3
717 3577 875 3616 nunc
912 3559 1163 3634 denique
1194 3561 1399 3618 ultimo
1437 3563 1698 3618 omnium
1736 3563 1882 3631 loco,
1905 3574 2036 3638 post
2067 3558 2358 3636 epistolas,
2387 3559 2552 3631 cujus

458 3653 698 3710 instituti
722 3667 925 3714 auctor
950 3658 1179 3716 videtur
1200 3660 1461 3718 laudatus
1482 3661 1659 3718 modo
1683 3662 1754 3718 H.
1774 3662 2124 3736 Stephanus,
2144 3659 2246 3735 qui
2268 3659 2551 3715 rationem

458 3751 583 3826 ejus
614 3751 805 3809 reddit
840 3754 1021 3810 Diatr.
1052 3775 1111 3832 p.
1146 3757 1237 3813 32.
1271 3757 1437 3816 Certe
1470 3777 1592 3814 non
1625 3759 1922 3826 annotavi,
1953 3759 2056 3832 qui
2086 3769 2217 3813 ante
2255 3756 2422 3812 illum
2449 3755 2547 3811 ul-

458 3851 599 3908 timo
640 3851 773 3908 loco
812 3865 1057 3926 poneret
1096 3857 1335 3926 Artem,
1379 3873 1568 3929 neque
1609 3854 1712 3928 qui
1755 3867 1887 3930 post
1921 3855 2084 3911 illum
2125 3873 2246 3910 non
2283 3866 2546 3930 poneret.

458 3953 789 4021 Harduino‚
816 3953 920 4028 qui
941 3956 1011 4024 Q.
1034 3955 1343 4013 Horatium
1368 3956 1634 4013 Flaccum
1654 3966 1824 4030 negat
1849 3967 2144 4012 auctorem
2171 3953 2346 4028 hujus
2371 3952 2550 4010 libelli

456 4069 601 4118 esse,
627 4051 1043 4124 respondemus
1069 4053 1211 4110 locis
1236 4055 1333 4124 iis,
1362 4053 1522 4112 unde
1549 4053 1596 4110 is
1623 4065 1787 4129 putat
1812 4053 1928 4110 hoc
1953 4053 2210 4130 probari.
2244 4053 2492 4110 stmm.

532 4151 595 4207 Si
625 4153 945 4213 Aristotelis
976 4155 1241 4215 Poeticen
1271 4157 1588 4232 exceperis,
1625 4157 1848 4214 nullum
1877 4158 2034 4216 aliud
2074 4176 2144 4215 ex
2172 4157 2546 4230 antiquorum
