3000 4684
1009 377 1143 445 DE
1189 377 1441 446 ARTE
1488 377 1944 448 PoE‘rch.
2383 385 2516 469 [μμ

438 539 667 604 statur,
686 547 807 612 per
830 526 1039 613 gentis
1058 527 1258 590 decus
1278 521 1455 612 (vos,
1472 550 1514 592 o
1537 529 1892 616 Pompilius
1913 529 2191 616 sanguis,
2217 532 2386 620 etc.)¹
2399 581 2417 612 ,
2443 555 2528 599 ne

439 636 767 725 poeticum
790 658 955 723 opus
983 636 1292 725 probent,
1326 637 1447 702 nisi
1472 659 1718 702 summa
1741 661 1870 726 ope
1891 637 2318 719 elaboratum,
2351 656 2420 706 et
2449 641 2532 707 ad

408 769 722 841 'unguem
766 748 1143 835 expolitum.
1192 747 1451 813 Scilicet
1471 795 1489 827 ,
1537 770 1618 812 ex
1656 745 1906 814 Horatii
1936 747 2184 834 judicio
2203 798 2221 830 ,
2257 754 2531 818 Romani

439 855 643 945 pluris
666 871 897 921 natura
922 857 1141 922 insitas
1172 855 1385 935 doteS,
1410 857 1732 942 paucioris
1753 879 1911 923 vero
1937 873 2144 924 artem
2169 857 2528 936 faciebant3

440 987 811 1055 quanquam
850 989 1081 1054 poema
1118 965 1369 1033 nullum
1404 965 1768 1054 perfectum
1809 988 1944 1032 esse
1983 981 2198 1054 potest
2216 1015 2235 1047 ,
2273 968 2394 1032 nisi
2427 989 2530 1034 ars

441 1091 509 1140 et
546 1091 781 1142 natura
822 1075 1186 1144 coalescant
1216 1076 1553 1162 amiceque
1589 1076 2002 1162 conspirent3
2045 1077 2288 1142 etenim
2317 1078 2532 1142 Groeci

439 1201 705 1250 caeteros
738 1207 965 1250 omnes
988 1185 1079 1250 ob
1101 1183 1171 1249 id
1194 1206 1395 1250 unum
1418 1205 1804 1271 superavere
1825 1231 1845 1262 ,
1880 1183 2058 1270 quod
2092 1183 2266 1272 apud
2299 1205 2412 1249 eos
2447 1183 2531 1249 ad

437 1297 681 1385 ingenii
702 1297 859 1378 vim,
886 1295 1171 1362 studium
1192 1310 1260 1362 et
1282 1294 1752 1361 emendationis
1769 1317 1920 1360 cura
1939 1297 2342 1362 accesserint.

525 1409 725 1472 Totus
752 1407 858 1472 ille
886 1407 1067 1472 locus
1092 1429 1131 1471 a
1152 1406 1305 1484 313,
1328 1427 1455 1496 quo
1474 1407 1562 1469 sit
1581 1425 2053 1493 nuncuparem,
2073 1427 2272 1493 usque
2298 1403 2380 1469 ad
2406 1406 2551 1469 370.
2635 1475 2640 1480 ,

440 1519 758 1594 Messala,
778 1518 1026 1604 optima
1050 1515 1315 1603 quidem
1340 1513 1544 1578 habet
1570 1514 1962 1580 documenta
1988 1532 2056 1580 et
2081 1516 2426 1595 utilissima,
2446 1514 2532 1579 de

440 1625 541 1690 his
567 1649 711 1713 quae
732 1643 991 1714 poetam
1020 1626 1309 1691 forment
1332 1609 1638 1712 alantque
1653 1673 1672 1704 ‚
1707 1625 1790 1690 de
1825 1626 2054 1692 studiis
2093 1626 2325 1714 quibus
2363 1627 2532 1690 serio

442 1735 955 1802 incumbendum
991 1736 1075 1800 sit
1093 1782 1112 1815 ‚
1150 1752 1225 1799 ut
1258 1733 1580 1822 quidquid
1607 1736 1824 1822 operis
1857 1737 2151 1823 fingitur,
2189 1735 2256 1799 id
2283 1737 2532 1799 auctori

444 1843 715 1932 longum
740 1846 811 1910 in
836 1860 1134 1932 posteros
1164 1865 1371 1912 aevum
1406 1865 1766 1932 prorogare
1795 1858 2012 1933 queat.
2045 1844 2180 1909 Sed
2206 1859 2532 1932 proecepta

444 1952 737 2039 reperias
768 1951 999 2017 ordine
1030 1951 1212 2016 nullo
1244 1951 1594 2040 dispositae
1632 1952 1849 2018 omnia
1869 1951 2034 2018 adeo
2059 1953 2324 2018 confuse
2351 1973 2547 2018 com··

444 2061 798 2126 miscentur
817 2109 835 2140 ,
886 2077 963 2126 ut
1004 2073 1200 2148 poeta
1236 2083 1371 2126 non
1414 2061 1714 2127 libertate
1757 2077 2066 2149 grataque
2103 2063 2533 2150 Epistolarum

442 2167 840 2256 negligentia
862 2167 1069 2255 possit
1099 2168 1427 2244 excusari3
1473 2169 1820 2256 veniatque
1855 2169 1923 2234 in
1953 2185 2240 2234 mentem
2275 2185 2537 2259 poetam

445 2275 575 2344 hoc
630 2277 925 2344 consulto
976 2301 1054 2342 ac
1106 2275 1191 2342 de
1234 2275 1550 2342 industria
1593 2268 1816 2344 fecisse
1835 2325 1852 2360 ,
1903 2293 1980 2344 ut
2029 2280 2541 2345 adolescentulus

446 2387 780 2454 incondita
803 2387 1225 2454 multitudine
1259 2395 1741 2475 praeceptorum
1773 2390 2121 2478 impeditus
2139 2438 2158 2471 ,
2185 2412 2261 2456 ac
2285 2405 2540 2479 pertur-

449 2497 661 2576 batus,
684 2496 839 2562 inde
860 2496 1063 2584 magis
1078 2497 1275 2562 etiam
1298 2496 1712 2586 intelligeret,
1735 2517 1896 2588 quot
1913 2516 2300 2588 quantasque
2327 2513 2542 2565 essent

452 2625 683 2691 poesos
707 2605 1139 2672 difficultates.
1176 2605 1401 2691 Quod,
1434 2608 1554 2672 etsi
1574 2610 1810 2674 mirum
1834 2610 2047 2696 primo
2066 2609 2274 2674 videri
2297 2624 2540 2696 potest,

453 2733 612 2778 vero
640 2728 858 2779 tamen
884 2713 1089 2783 simile
1110 2714 1209 2794 fit,
1233 2735 1435 2802 quum
1456 2715 1690 2802 passim
1707 2717 1775 2780 in
1795 2715 1918 2782 hac
1941 2729 2122 2779 tanta
2141 2736 2361 2780 rerum
2383 2739 2541 2784 con·-

453 2819 729 2900 fusione,
754 2843 895 2908 quae
922 2821 1029 2889 vix
1068 2822 1425 2888 tolerabilis
1457 2837 1624 2887 esset
1657 2823 1727 2887 in
1754 2823 2052 2888 dt‘daccico
2085 2843 2312 2909 opere,
2339 2825 2546 2892 mani-

452 2930 611 2996 festa
628 2931 1103 3018 perspiciantur
1118 2925 1375 2998 subtilis
1389 2931 1642 2998 consilii
1662 2931 1932 3015 alicujus
1951 2930 2215 3006 indicia,
2241 2947 2308 2994 et
2325 2945 2541 2997 certus

452 3038 535 3103 ad
562 3038 975 3128 propositum
1002 3039 1309 3105 incessus.
1340 3041 1412 3104 Si
1436 3039 1652 3104 statim
1681 3038 1764 3104 ab
1787 3038 2010 3116 initio,
2044 3059 2176 3124 quo
2199 3037 2501 3103 tenderet
2519 3085 2538 3117 ,

451 3150 682 3214 Noster
702 3148 1085 3230 nuntiasset,
1114 3163 1398 3236 optatam
1426 3149 1612 3215 nullo
1649 3171 1840 3216 cursu
1868 3164 2105 3214 metam
2129 3147 2540 3234 contigisset:

451 3258 533 3323 ad
571 3257 741 3324 hanc
780 3258 980 3346 igitur
1018 3273 1227 3323 artem
1262 3279 1333 3324 se
1370 3258 1718 3324 convertit.
1749 3258 1986 3324 Juveni
2004 3305 2022 3338 ,
2053 3256 2136 3322 sd
2159 3259 2548 3322 Parnassum

452 3369 577 3434 iter
602 3368 967 3457 exquirenti
982 3416 1000 3449 ,
1030 3387 1169 3434 sese
1194 3369 1365 3434 ultro
1394 3369 1580 3456 quasi
1605 3370 1840 3435 ducem
1865 3391 1942 3435 ac
1965 3369 2360 3434 monitorem
2384 3387 2554 3453 proe-

454 3475 602 3540 bet:
622 3475 735 3542 sed
754 3498 901 3541 eum
920 3498 1042 3564 per
1056 3476 1227 3540 viam
1244 3475 1409 3542 adeo
1428 3476 1698 3565 longam
1715 3492 1782 3541 et
1793 3498 2086 3564 asperam
2099 3476 2306 3556 ducit,
2325 3491 2397 3540 ut
2415 3495 2550 3562 prae

452 3581 679 3647 labore
721 3604 915 3648 nemo
958 3605 1097 3648 non
1134 3581 1417 3649 deficiat.
1461 3585 1733 3650 Juvenis
1767 3599 1961 3671 poeta
2002 3583 2398 3662 deterretur,
2434 3584 2548 3670 qui

451 3693 655 3758 breve
676 3690 807 3755 iter
828 3705 895 3755 et
920 3689 1102 3757 facile
1128 3705 1469 3778 putaverat
1488 3714 1506 3768 ;
1540 3689 1757 3756 medio
1777 3691 1850 3754 in
1875 3689 2107 3755 itinere
2131 3689 2542 3777 defatigatur.

449 3801 620 3865 Suus
656 3819 807 3864 eum
835 3797 1070 3863 ductor
1098 3797 1491 3876 exstimulat,
1524 3797 1860 3883 quiescere
1887 3795 2220 3884 paululum
2251 3796 2404 3862 sinit
2423 3841 2442 3875 ,
2483 3811 2552 3862 et

450 3909 693 3976 sensim
732 3909 817 3974 ad
853 3907 1029 3974 hunc
1066 3907 1283 3974 locum
1310 3905 1578 3973 deducit
1595 3953 1612 3985 ,
1649 3929 1730 3972 ex
1755 3929 1890 3994 quo
1913 3921 2086 3972 meta
2113 3905 2218 3970 illa
2239 3906 2550 3995 prospici·

455 4029 587 4094 tur,
612 4015 791 4103 quasi
814 4017 951 4099 jam
977 4015 1045 4080 in
1078 4015 1453 4104 propinquo
1478 4029 1670 4082 esset.
1699 4013 2022 4080 Euntibus
2043 4029 2252 4080 autem
2280 4014 2384 4084 via
2409 4015 2551 4080 lon·-
