3000 4684
618 471 760 558 504
919 472 1008 561 Q.
1048 473 1277 542 HOR.
1321 474 1674 542 FLACCI
1713 475 2008 544 EPIST.
2051 477 2184 544 AD
2223 476 2392 544 PIS.

602 611 791 664 oblatos
813 611 911 663 sibi
932 626 1147 680 quosque
1172 619 1409 662 venenato
1432 609 1600 662 aculeo
1611 609 1800 664 indere
1815 649 1831 674 ,
1851 611 1925 664 vel
1945 611 2114 680 quovis
2143 611 2244 664 alio
2263 611 2409 664 modo
2429 611 2686 662 Musarum

602 699 837 750 honorem
856 697 1192 749 contaminare
1214 697 1469 764 ooepisset,
1490 696 1756 758 Horatius3
1783 715 1878 750 non
1905 709 2000 750 tam
2025 715 2193 750 eorum
2219 699 2376 763 ictus,
2391 698 2572 766 quibus
2585 699 2688 764 jam

604 785 781 852 sapius
799 783 980 852 petitus
1000 783 1181 846 fuerat,
1206 801 1397 844 curans,
1414 800 1560 852 quam
1585 784 1764 836 timens
1787 785 1968 853 potius,
1991 801 2054 836 ne
2077 802 2224 852 pravo
2243 785 2446 836 istorum
2463 783 2688 852 exa-plo

528 868 534 876 ’
605 874 692 926 alii
714 889 908 943 quoque
925 873 1321 940 depravarentur,
1344 883 1441 932 tem
1458 872 1670 925 virtutes
1686 873 1747 924 ad
1765 891 1962 942 poeseos
1981 873 2198 924 studium
2213 873 2488 925 afferendas
2503 867 2688 923 dacri-

606 960 744 1019 bere,
764 975 943 1028 easque
966 958 1085 1018 illis,
1108 959 1194 1026 qui
1216 967 1368 1025 poetas
1392 955 1594 1010 nomine
1615 974 1670 1010 se
1685 957 1856 1024 dignos
1879 967 2108 1027 praestare
2125 965 2379 1025 cuperent,
2396 956 2686 1024 propinare,

604 1062 751 1114 quam
781 1046 901 1098 vitia
930 1055 983 1097 et
1010 1062 1201 1098 errores
1222 1046 1380 1114 poetis
1404 1045 1659 1112 fugiendos
1679 1053 1796 1096 ante
1813 1045 1977 1098 oculos
1999 1062 2180 1114 ponere
2195 1043 2365 1096 voluit.
2390 1043 2573 1096 Noluit
2593 1059 2688 1094 an-

603 1142 702 1184 tem
731 1141 968 1200 praeeepta
984 1168 1001 1194 ,
1026 1129 1140 1199 'quse
1170 1131 1233 1183 de
1262 1147 1455 1198 poeseos
1478 1141 1528 1182 et
1553 1131 1614 1182 de
1629 1133 1792 1183 omnis
1816 1131 2049 1182 doetrinae
2066 1131 2227 1183 studio
2241 1131 2445 1182 daturus
2461 1139 2597 1194 erat,
2624 1129 2688 1180 ad

601 1227 787 1270 certum
805 1217 1027 1266 ordinem
1046 1215 1267 1277 redacta,
1292 1214 1562 1268 aowmtius
1577 1253 1592 1277 ,
1609 1216 1843 1268 subtilius
1864 1226 1918 1267 et
1931 1216 2123 1268 doctius
2145 1231 2415 1283 expones-e,
2434 1213 2512 1266 ve}
2531 1211 2684 1264 tibet-

600 1304 703 1354 lum
724 1302 867 1352 Am&
886 1301 1103 1354 Poetieoe
1124 1302 1267 1356 titulo
1292 1301 1582 1368 insignitum
1609 1301 1824 1356 scribere
1839 1341 1858 1364 ,
1885 1303 1971 1354 sed
1985 1340 2002 1368 ,
2031 1319 2142 1371 quas
2161 1301 2257 1354 sibi
2273 1301 2336 1352 de
2355 1299 2616 1352 virtutibus
2633 1309 2688 1352 et

601 1389 739 1442 vitiis
762 1406 959 1458 poeseos
984 1400 1339 1456 succurrerent,
1363 1391 1474 1440 sine
1496 1403 1624 1452 ane,
1655 1391 1709 1441 b.
1731 1409 1779 1442 e.
1810 1389 1943 1442 haud
1965 1391 2028 1444 ad
2051 1401 2232 1442 certam
2255 1405 2474 1441 normam
2494 1397 2684 1450 exacta,

602 1482 653 1532 in
678 1476 901 1544 Epistola
930 1495 1039 1528 eum
1070 1478 1223 1528 amieo
1242 1477 1453 1545 quodam
1480 1477 1858 1530 communicare.
1879 1476 1959 1530 Ad
1981 1477 2248 1530 familiares
2271 1476 2465 1528 Horatii
2481 1474 2538 1524 L.
2564 1473 2688 1525 Cal-

592 1564 842 1634 pur-nium
860 1561 1093 1612 Pisonem
1110 1599 1125 1620 ‚
1148 1578 1207 1613 ex
1231 1561 1534 1614 nobilissima
1557 1572 1698 1628 gente
1714 1572 1877 1614 ortum
1894 1601 1909 1625 ,
1932 1564 2231 1631 pertinuisse
2249 1601 2264 1626 ,
2290 1579 2350 1614 ex
2378 1563 2468 1613 hac
2491 1561 2594 1628 ipsa
2617 1559 2682 1610 ad

598 1665 710 1700 eum
728 1649 907 1714 scripta
925 1646 1145 1716 Epistola
1164 1655 1315 1714 patet.
1336 1645 1368 1697 J
1370 1663 1447 1698 am
1466 1663 1582 1698 vero
1597 1663 1749 1716 quum
1765 1646 1824 1698 L.
1837 1646 1986 1717 Calp.
2001 1647 2125 1699 Piso
2144 1666 2245 1700 non
2265 1647 2373 1716 ipse
2391 1647 2546 1699 solum
2566 1661 2684 1713 poe-

597 1755 705 1791 seos
727 1747 778 1790 et
798 1739 1033 1789 bonarum
1056 1737 1309 1787 literarum
1332 1753 1499 1788 amans
1519 1747 1570 1790 et
1595 1737 1841 1790 studiosus
1865 1747 2024 1802 esset,
2040 1739 2125 1790 sed
2145 1740 2294 1792 etiam
2314 1736 2404 1796 filii
2430 1744 2548 1788 natu
2575 1751 2682 1786 ma·

592 1827 717 1892 joris
748 1825 887 1886 (duos
908 1823 1085 1875 habuit
1104 1823 1253 1885 lilios,
1274 1825 1456 1894 quibus
1482 1823 1630 1876 simul
1648 1813 1807 1877 dicata
1826 1834 1900 1888 est
1923 1825 2028 1882 haec
2046 1824 2296 1895 Epistola)
2319 1823 2478 1877 surdis
2496 1821 2684 1892 poetica

600 1913 944 1976 moderaretur,
966 1912 1030 1975 (v.
1051 1921 1149 1963 366
1170 1929 1183 1961 :
1210 1929 1237 1957 «ι
1252 1909 1298 1962 Ο
1323 1910 1477 1976 major
1498 1911 1737 1977 juvenum
1751 1949 1765 1972 ‚
1785 1912 2011 1980 quamvis
2039 1923 2090 1964 et
2105 1931 2219 1965 voce
2239 1921 2442 1981 paterna
2455 1909 2680 1976 Fingeris

598 2001 659 2052 ad
680 2010 879 2060 rectum,
900 2007 950 2048 et
966 2015 1058 2064 per
1075 2007 1123 2048 te
1138 1996 1287 2065 sapis,
1306 1998 1399 2050 hoe
1420 1997 1510 2049 tibi
1524 1997 1706 2049 dictum
1721 1996 1866 2049 Tolle
1883 2015 2090 2064 memor;
2107 2001 2157 2064 u)
2175 2016 2333 2064 causa,
2350 2015 2437 2050 cur
2449 1996 2684 2048 Horatius

598 2082 860 2135 Pisonibus
887 2083 1191 2149 potissimum
1224 2091 1461 2151 prmeepta
1488 2082 1552 2133 ad
1579 2079 1778 2152 poeseos
1797 2083 2014 2134 studium
2034 2082 2297 2152 spectantia
2325 2081 2685 2149 impertirem-

596 2169 776 2228 luerit,
808 2169 927 2226 satis
956 2177 1176 2236 apparet.
1212 2168 1439 2228 Fortasse
1468 2177 1628 2220 autem
1663 2167 1896 2220 Horatius
1930 2170 2007 2220 his
2037 2169 2285 2238 praeceptis
2313 2168 2558 2236 praecipue
2580 2167 2686 2226 filio

596 2251 792 2304 Pisonis
824 2264 944 2305 natu
979 2254 1181 2320 majori,
1217 2271 1281 2304 ne
1312 2255 1354 2305 is
1384 2271 1508 2305 vano
1529 2254 1764 2304 malorum
1787 2265 2036 2322 poetarum
2063 2254 2268 2320 strepitu
2293 2255 2344 2302 in
2375 2251 2596 2302 fraudem
2627 2270 2692 2304 se

596 2338 761 2390 induci
790 2346 1062 2404 pateretur,
1096 2347 1291 2389 cautum
1328 2341 1439 2390 ivit.
1462 2367 1532 2380 --
1554 2337 1787 2391 Ceterum
1822 2340 1976 2392 eidem
2010 2339 2068 2390 L.
2091 2335 2357 2404 Calpurnio
2380 2335 2582 2396 Pisoni,
2617 2348 2690 2390 ut

592 2435 844 2492 poetarum
878 2422 1087 2483 fautori,
1118 2423 1306 2490 aliquot
1336 2424 1702 2490 Epigrammata
1731 2426 1863 2490 misit
1879 2425 2152 2492 Antipater,
2177 2433 2323 2491 poeta
2341 2421 2686 2476 Thessaloni-

594 2507 769 2566 censis,
786 2506 990 2560 Antbol.
1014 2507 1172 2559 Graec.
1202 2518 1318 2560 tom.
1342 2509 1409 2570 11,
1430 2527 1477 2577 p.
1507 2521 1590 2572 97,
1610 2529 1749 2563 num.
1771 2512 1820 2562 X
1839 2529 1940 2581 sqq.
1963 2511 2085 2562 edit.
2109 2509 2380 2562 Jacobs.—-
2392 2507 2682 2576 Argumen-

597 2606 699 2646 tum
720 2594 863 2660 hujus
884 2592 1115 2660 Epistola!
1136 2593 1240 2662 ipse
1256 2593 1489 2648 Horatius
1507 2598 1762 2650 constituit
1779 2598 1858 2649 his
1879 2597 2034 2648 tribus
2053 2597 2276 2649 versibus
2295 2598 2364 2661 (v.
2381 2598 2672 2661 506-308):

598 2699 625 2726 α
646 2678 831 2731 Munus
858 2689 911 2731 et
926 2678 1142 2731 officium
1158 2716 1172 2744 ‚
1207 2680 1279 2731 nil
1312 2680 1530 2736 scribens
1561 2681 1665 2750 ipse
1683 2719 1698 2742 ,
1718 2683 1934 2738 docebo:
1962 2682 2106 2734 Unde
2129 2691 2368 2749 parentur
2391 2698 2534 2749 opes,
2557 2681 2672 2748 quid

592 2766 694 2816 alat
710 2766 966 2836 linumque
984 2775 1189 2834 metam,
1212 2765 1345 2834 Quid
1363 2767 1546 2830 deceat„
1561 2768 1680 2836 quid
1700 2786 1818 2830 non,
1834 2787 1935 2838 quo
1951 2752 2128 2834 virtus,
2147 2785 2246 2837 quo
2265 2768 2394 2826 serat.
2407 2785 2556 2820 error.
2571 2788 2675 2815 2-—

592 2851 741 2903 Recte
760 2851 932 2916 igitur,
952 2860 1069 2919 puto
1083 2889 1099 2913 ,
1120 2852 1219 2904 dici
1246 2862 1404 2922 potest
1425 2854 1529 2906 haec
1545 2853 1767 2921 Epistola
1784 2853 2296 2910 ‹invocabo-samba.
2321 2855 2384 2917 ιη
2407 2853 2671 2906 scribendis

593 2949 758 2991 autem
776 2937 1012 3006 Epistolis
1031 2955 1129 2992 non
1148 2948 1333 2994 eertum
1354 2940 1613 3008 quemdam
1629 2940 1854 2992 ordinem
1879 2943 2020 3010 sequi
2039 2959 2054 3006 ς
2083 2941 2168 2998 sed
2181 2977 2196 3000 ‚
2220 2957 2330 3008 quae
2355 2949 2636 2998 succurrunt
2653 2977 2668 3000 ,

590 3026 798 3078 liberius
814 3037 865 3077 et
888 3027 1177 3078 incuriosius
1198 3028 1379 3080 addere
1402 3039 1453 3080 et
1483 3029 1616 3080 inter
1647 3043 1698 3079 se
1723 3029 1928 3095 jungere
1953 3029 2180 3082 solemus.
2211 3028 2362 3094 Quod
2383 3027 2427 3080 si
2453 3039 2670 3097 reputas-

592 3122 705 3162 sent
728 3127 887 3162 seeum
920 3111 1143 3163 nonnulli
1176 3111 1502 3181 interpretes,
1527 3130 1626 3171 non
1659 3126 1858 3180 operam
1893 3114 1948 3165 in
1977 3113 2124 3180 hujus
2149 3114 2385 3166 carminis
2415 3115 2666 3166 sententiis

594 3199 942 3268 praeceptisque
962 3200 1023 3251 ad
1047 3211 1235 3252 certum
1258 3201 1480 3253 ordinem
1500 3203 1764 3255 artificiose
1787 3213 1838 3254 et
1861 3219 2030 3254 severa
2059 3205 2475 3268 grammaticorum
2507 3201 2673 3253 subti-

592 3288 733 3339 litate
754 3286 885 3336 inter
899 3301 951 3335 se
966 3285 1282 3338 conciliandis
1300 3289 1644 3355 perdidissent.
1671 3289 1892 3351 Titulus,
1915 3290 2003 3358 qui
2025 3290 2168 3356 vulgo
2185 3288 2304 3341 huic
2321 3289 2519 3342 carmini
2539 3304 2675 3354 prae-

592 3373 784 3438 flgitur‚
814 3372 921 3422 Ars
936 3370 1173 3430 Poeu'ea,
1210 3383 1283 3424 est
1314 3372 1754 3434 Grammaticorum
1785 3375 2058 3426 inventum.
2091 3375 2367 3442 Separatim
2391 3373 2496 3426 sine
2516 3373 2672 3424 dubio

591 3461 716 3512 hanc
741 3460 902 3528 Epist.
932 3459 1087 3512 edidit
1118 3461 1382 3528 Horatius3
1412 3472 1573 3530 potest
1607 3464 1760 3530 igitur
1794 3465 1878 3515 illa
1911 3464 1988 3516 vel
2021 3465 2084 3515 ad
2125 3464 2340 3514 Liby-um
2379 3449 2672 3515 Seeundun

588 3547 933 3616 Epistularum
958 3546 1131 3599 referri
1151 3587 1166 3614 ‚
1198 3547 1275 3599 vel
1305 3547 1598 3617 simpliciter
1624 3549 1856 3619 Epis-sela
1887 3548 1961 3600 ad
1983 3551 2198 3602 Pisones
2227 3549 2409 3603 vocari.
2449 3548 2670 3601 Primum

586 3651 673 3700 ego
689 3633 881 3686 laudavi
896 3650 1023 3695 eam,
1044 3646 1100 3686 ut
1112 3635 1276 3706 Epist.
1296 3647 1408 3688 ten.
1420 3635 1691 3688 Lar-..Sea
1713 3638 1992 3690 seddeinde
2007 3647 2307 3702 constanter,
2325 3648 2382 3689 ut
2395 3637 2672 3708 Epi-stolam
2726 3671 2734 3678 -

590 3720 666 3774 ad
680 3721 913 3774 Pisones.
942 3719 1190 3775 Βοιιιιο.

660 3811 773 3862 Jam
798 3829 893 3864 non
910 3829 1035 3880 opus
1058 3823 1153 3876 est,
1176 3823 1231 3864 ut
1252 3813 1335 3864 hic
1352 3812 1586 3880 Epistola
1607 3813 1669 3864 ad
1686 3813 1892 3866 Pisones
1909 3813 2144 3882 analysim
2160 3831 2247 3866 nos
2257 3827 2445 3882 quoque
2459 3811 2638 3862 demus
2650 3847 2669 3878 ‚

588 3913 739 3964 quum
758 3899 821 3949 de
844 3900 1117 3966 proneptis,
1138 3917 1247 3967 quae
1268 3899 1502 3952 Horatius
1529 3900 1784 3967 proponit,
1809 3917 1897 3952 suo
1921 3899 2026 3952 loeo
2051 3897 2308 3967 separatim
2329 3898 2380 3948 in
2401 3896 2528 3948 notis
2545 3911 2672 3961 ege·

588 3983 761 4035 rimus.
790 3985 1003 4036 Bentleii
1024 4004 1137 4040 vero
1156 4000 1207 4039 et
1230 3987 1439 4041 aliorum
1458 4000 1598 4041 notas
1615 3997 1666 4039 et
1687 3988 2162 4054 animadversiones,
2185 3987 2362 4057 quibus
2377 3983 2668 4037 difficiliora

586 4061 731 4123 husu·
756 4066 990 4133 Epi-tota
1004 4070 1107 4122 loea
1124 4071 1443 4140 explanemus·
1456 4109 1473 4140 ,
1502 4075 1554 4126 in
1585 4073 1882 4126 Excursibus
1905 4074 2231 4144 sequentibus
2247 4072 2484 4138 subjicere
2501 4087 2672 4138 opem

586 4145 801 4208 pretium
822 4149 1031 4202 videtur.
1058 4153 1152 4203 En.
2403 4199 2436 4226 ο
