<?xml version="1.0" encoding="UTF-8"?>
<!DOCTYPE html PUBLIC "-//W3C//DTD XHTML 1.0 Transitional//EN"
    "http://www.w3.org/TR/xhtml1/DTD/xhtml1-transitional.dtd">
<html xmlns="http://www.w3.org/1999/xhtml" xml:lang="en" lang="en">
 <head>
  <title>
</title>
<meta http-equiv="Content-Type" content="text/html;charset=utf-8" />
  <meta name='ocr-system' content='tesseract 3.04.00' />
  <meta name='ocr-capabilities' content='ocr_page ocr_carea ocr_par ocr_line ocrx_word'/>
</head>
<body>
  <div class='ocr_page' id='page_1' title='image "./quintushoratius02lemagoog_0140.png"; bbox 0 0 3000 4684; ppageno 0'>
   <div class='ocr_carea' id='block_1_1' title="bbox 522 286 657 368">
    <p class='ocr_par' dir='ltr' id='par_1_1' title="bbox 522 286 657 368">
     <span class='ocr_line' id='line_1_1' title="bbox 522 286 657 368; baseline 0.015 -14"><span class='ocrx_word' id='word_1_1' title='bbox 522 286 657 368; x_wconf 75' lang='lat'><strong>¹14</strong></span> 
     </span>
    </p>
   </div>
   <div class='ocr_carea' id='block_1_2' title="bbox 1082 275 2053 366">
    <p class='ocr_par' dir='ltr' id='par_1_2' title="bbox 1082 275 2053 366">
     <span class='ocr_line' id='line_1_2' title="bbox 1082 275 2053 366; baseline -0.003 -20"><span class='ocrx_word' id='word_1_2' title='bbox 1082 279 1171 366; x_wconf 89' lang='lat' dir='ltr'><strong>Q.</strong></span> <span class='ocrx_word' id='word_1_3' title='bbox 1224 276 1652 347; x_wconf 76' lang='lat' dir='ltr'><strong>noRATn</strong></span> <span class='ocrx_word' id='word_1_4' title='bbox 1698 275 2053 365; x_wconf 78' lang='lat' dir='ltr'><strong>FLAccl</strong></span> 
     </span>
    </p>
   </div>
   <div class='ocr_carea' id='block_1_3' title="bbox 511 413 1977 512">
    <p class='ocr_par' dir='ltr' id='par_1_3' title="bbox 511 413 1977 512">
     <span class='ocr_line' id='line_1_3' title="bbox 511 413 1977 512; baseline -0.01 -17"><span class='ocrx_word' id='word_1_5' title='bbox 511 421 898 496; x_wconf 83' lang='lat' dir='ltr'>Ambitione</span> <span class='ocrx_word' id='word_1_6' title='bbox 933 415 1225 512; x_wconf 82' lang='lat' dir='ltr'><strong>relegata</strong></span> <span class='ocrx_word' id='word_1_7' title='bbox 1242 468 1263 504; x_wconf 92' lang='lat'><strong>,</strong></span> <span class='ocrx_word' id='word_1_8' title='bbox 1303 431 1369 484; x_wconf 91' lang='lat' dir='ltr'><strong>te</strong></span> <span class='ocrx_word' id='word_1_9' title='bbox 1407 413 1634 482; x_wconf 89' lang='lat' dir='ltr'><strong>dicere</strong></span> <span class='ocrx_word' id='word_1_10' title='bbox 1670 435 1939 508; x_wconf 88' lang='lat' dir='ltr'><strong>possum</strong></span> <span class='ocrx_word' id='word_1_11' title='bbox 1957 462 1977 501; x_wconf 91' lang='lat'><strong>,</strong></span> 
     </span>
    </p>
   </div>
   <div class='ocr_carea' id='block_1_4' title="bbox 514 525 2242 629">
    <p class='ocr_par' dir='ltr' id='par_1_4' title="bbox 514 525 2242 629">
     <span class='ocr_line' id='line_1_4' title="bbox 514 525 2242 629; baseline -0.008 -17"><span class='ocrx_word' id='word_1_12' title='bbox 514 539 763 629; x_wconf 89' lang='lat' dir='ltr'><strong>Pollio;</strong></span> <span class='ocrx_word' id='word_1_13' title='bbox 800 554 900 627; x_wconf 89' lang='lat' dir='ltr'><strong>te,</strong></span> <span class='ocrx_word' id='word_1_14' title='bbox 933 532 1257 622; x_wconf 80' lang='lat' dir='ltr'><strong>Messala,</strong></span> <span class='ocrx_word' id='word_1_15' title='bbox 1294 549 1409 602; x_wconf 89' lang='lat' dir='ltr'><strong>tuo</strong></span> <span class='ocrx_word' id='word_1_16' title='bbox 1442 557 1594 604; x_wconf 88' lang='lat' dir='ltr'><strong>eum</strong></span> <span class='ocrx_word' id='word_1_17' title='bbox 1627 530 1836 600; x_wconf 87' lang='lat' dir='ltr'><strong>fratre</strong></span> <span class='ocrx_word' id='word_1_18' title='bbox 1863 555 1883 618; x_wconf 89' lang='lat'>;</span> <span class='ocrx_word' id='word_1_19' title='bbox 1917 525 2242 622; x_wconf 90' lang='lat' dir='ltr'><strong>simulque</strong></span> 
     </span>
    </p>
   </div>
   <div class='ocr_carea' id='block_1_5' title="bbox 2542 528 2618 588">
    <p class='ocr_par' dir='ltr' id='par_1_5' title="bbox 2542 528 2618 588">
     <span class='ocr_line' id='line_1_5' title="bbox 2542 528 2618 588; baseline -0.053 0"><span class='ocrx_word' id='word_1_20' title='bbox 2542 528 2618 588; x_wconf 79' lang='lat'><strong>85</strong></span> 
     </span>
    </p>
   </div>
   <div class='ocr_carea' id='block_1_6' title="bbox 512 646 2466 1110">
    <p class='ocr_par' dir='ltr' id='par_1_6' title="bbox 512 646 2466 1110">
     <span class='ocr_line' id='line_1_6' title="bbox 515 646 2446 749; baseline -0.008 -17"><span class='ocrx_word' id='word_1_21' title='bbox 515 663 689 749; x_wconf 89' lang='lat' dir='ltr'><strong>Vos,</strong></span> <span class='ocrx_word' id='word_1_22' title='bbox 724 654 1058 728; x_wconf 74' lang='lat' dir='ltr'><strong>Bibule-et</strong></span> <span class='ocrx_word' id='word_1_23' title='bbox 1090 655 1322 742; x_wconf 80' lang='lat' dir='ltr'><strong>Servi3</strong></span> <span class='ocrx_word' id='word_1_24' title='bbox 1360 650 1558 722; x_wconf 88' lang='lat' dir='ltr'><strong>simul</strong></span> <span class='ocrx_word' id='word_1_25' title='bbox 1591 651 1697 720; x_wconf 90' lang='lat' dir='ltr'><strong>his</strong></span> <span class='ocrx_word' id='word_1_26' title='bbox 1733 666 1834 735; x_wconf 89' lang='lat' dir='ltr'><strong>te,</strong></span> <span class='ocrx_word' id='word_1_27' title='bbox 1871 646 2158 719; x_wconf 83' lang='lat' dir='ltr'><strong>candide</strong></span> <span class='ocrx_word' id='word_1_28' title='bbox 2189 652 2244 717; x_wconf 92' lang='lat' dir='ltr'><strong>F</strong></span> <span class='ocrx_word' id='word_1_29' title='bbox 2249 649 2446 736; x_wconf 80' lang='lat' dir='ltr'><strong>urni3</strong></span> 
     </span>
     <span class='ocr_line' id='line_1_7' title="bbox 514 769 2156 871; baseline -0.008 -22"><span class='ocrx_word' id='word_1_30' title='bbox 514 775 909 871; x_wconf 83' lang='lat' dir='ltr'><strong>Complures</strong></span> <span class='ocrx_word' id='word_1_31' title='bbox 941 771 1141 861; x_wconf 89' lang='lat' dir='ltr'><strong>alios,</strong></span> <span class='ocrx_word' id='word_1_32' title='bbox 1178 769 1411 842; x_wconf 87' lang='lat' dir='ltr'><strong>doctos</strong></span> <span class='ocrx_word' id='word_1_33' title='bbox 1444 794 1570 864; x_wconf 86' lang='lat' dir='ltr'><strong>ego</strong></span> <span class='ocrx_word' id='word_1_34' title='bbox 1607 794 1771 864; x_wconf 92' lang='lat' dir='ltr'><strong>quos</strong></span> <span class='ocrx_word' id='word_1_35' title='bbox 1803 784 1874 838; x_wconf 89' lang='lat' dir='ltr'><strong>et</strong></span> <span class='ocrx_word' id='word_1_36' title='bbox 1907 769 2156 838; x_wconf 86' lang='lat' dir='ltr'><strong>amicos</strong></span> 
     </span>
     <span class='ocr_line' id='line_1_8' title="bbox 512 885 2466 988; baseline -0.006 -22"><span class='ocrx_word' id='word_1_37' title='bbox 512 895 819 967; x_wconf 83' lang='lat' dir='ltr'><strong>Prudens</strong></span> <span class='ocrx_word' id='word_1_38' title='bbox 846 907 1209 988; x_wconf 83' lang='lat' dir='ltr'><strong>praetereo:</strong></span> <span class='ocrx_word' id='word_1_39' title='bbox 1247 891 1485 984; x_wconf 90' lang='lat' dir='ltr'><strong>quibus</strong></span> <span class='ocrx_word' id='word_1_40' title='bbox 1519 889 1695 975; x_wconf 75' lang='lat' dir='ltr'><strong>haec,</strong></span> <span class='ocrx_word' id='word_1_41' title='bbox 1731 903 1888 958; x_wconf 89' lang='lat' dir='ltr'><strong>sunt</strong></span> <span class='ocrx_word' id='word_1_42' title='bbox 1919 885 2426 981; x_wconf 81' lang='lat' dir='ltr'><strong>qualiacumque</strong></span> <span class='ocrx_word' id='word_1_43' title='bbox 2447 941 2466 976; x_wconf 91' lang='lat'><strong>,</strong></span> 
     </span>
     <span class='ocr_line' id='line_1_9' title="bbox 514 989 2094 1110; baseline -0.008 -24"><span class='ocrx_word' id='word_1_44' title='bbox 514 1013 837 1087; x_wconf 86' lang='lat' dir='ltr'><strong>Arridere</strong></span> <span class='ocrx_word' id='word_1_45' title='bbox 866 1008 1104 1100; x_wconf 84' lang='lat' dir='ltr'><strong>velim,</strong></span> <span class='ocrx_word' id='word_1_46' title='bbox 1140 989 1507 1110; x_wconf 78' lang='lat' dir='ltr'><strong>doliturus,</strong></span> <span class='ocrx_word' id='word_1_47' title='bbox 1541 1009 1596 1078; x_wconf 91' lang='lat' dir='ltr'><strong>si</strong></span> <span class='ocrx_word' id='word_1_48' title='bbox 1630 1005 1942 1102; x_wconf 83' lang='lat' dir='ltr'><strong>placeant</strong></span> <span class='ocrx_word' id='word_1_49' title='bbox 1975 1030 2094 1100; x_wconf 89' lang='lat' dir='ltr'><strong>spe</strong></span> 
     </span>
    </p>
   </div>
   <div class='ocr_carea' id='block_1_7' title="bbox 426 1119 2073 1228">
    <p class='ocr_par' dir='ltr' id='par_1_7' title="bbox 426 1119 2073 1228">
     <span class='ocr_line' id='line_1_10' title="bbox 426 1119 2073 1228; baseline -0.009 -20"><span class='ocrx_word' id='word_1_50' title='bbox 426 1128 433 1134; x_wconf 55' lang='grc'><strong>’</strong></span> <span class='ocrx_word' id='word_1_51' title='bbox 512 1133 825 1207; x_wconf 86' lang='lat' dir='ltr'><strong>Deterius</strong></span> <span class='ocrx_word' id='word_1_52' title='bbox 860 1119 1121 1202; x_wconf 49' lang='lat' dir='ltr'><strong>nostra(</strong></span> <span class='ocrx_word' id='word_1_53' title='bbox 1148 1131 1491 1217; x_wconf 86' lang='lat' dir='ltr'><strong>Demetri,</strong></span> <span class='ocrx_word' id='word_1_54' title='bbox 1527 1145 1762 1222; x_wconf 87' lang='lat' dir='ltr'><strong>teque,</strong></span> <span class='ocrx_word' id='word_1_55' title='bbox 1797 1123 2073 1228; x_wconf 82' lang='lat' dir='ltr'><strong>Tigelli,</strong></span> 
     </span>
    </p>
   </div>
   <div class='ocr_carea' id='block_1_8' title="bbox 514 1243 2277 1467">
    <p class='ocr_par' dir='ltr' id='par_1_8' title="bbox 514 1243 2277 1467">
     <span class='ocr_line' id='line_1_11' title="bbox 514 1243 2174 1348; baseline -0.007 -24"><span class='ocrx_word' id='word_1_56' title='bbox 514 1251 1015 1348; x_wconf 87' lang='lat' dir='ltr'><strong>Discipularum</strong></span> <span class='ocrx_word' id='word_1_57' title='bbox 1046 1249 1225 1318; x_wconf 87' lang='lat' dir='ltr'><strong>inter</strong></span> <span class='ocrx_word' id='word_1_58' title='bbox 1250 1248 1459 1342; x_wconf 90' lang='lat' dir='ltr'><strong>jubeo</strong></span> <span class='ocrx_word' id='word_1_59' title='bbox 1491 1243 1761 1341; x_wconf 87' lang='lat' dir='ltr'><strong>plorare</strong></span> <span class='ocrx_word' id='word_1_60' title='bbox 1793 1243 2174 1314; x_wconf 82' lang='lat' dir='ltr'><strong>cathedras.</strong></span> 
     </span>
     <span class='ocr_line' id='line_1_12' title="bbox 518 1360 2277 1467; baseline -0.007 -25"><span class='ocrx_word' id='word_1_61' title='bbox 518 1375 587 1462; x_wconf 90' lang='lat'><strong>1,</strong></span> <span class='ocrx_word' id='word_1_62' title='bbox 618 1396 815 1467; x_wconf 85' lang='lat' dir='ltr'><strong>puer,</strong></span> <span class='ocrx_word' id='word_1_63' title='bbox 850 1384 1048 1464; x_wconf 86' lang='lat' dir='ltr'><strong>atque</strong></span> <span class='ocrx_word' id='word_1_64' title='bbox 1082 1392 1232 1437; x_wconf 88' lang='lat' dir='ltr'><strong>meo</strong></span> <span class='ocrx_word' id='word_1_65' title='bbox 1268 1367 1437 1437; x_wconf 90' lang='lat' dir='ltr'><strong>citus</strong></span> <span class='ocrx_word' id='word_1_66' title='bbox 1470 1365 1614 1436; x_wconf 84' lang='lat' dir='ltr'><strong>haec</strong></span> <span class='ocrx_word' id='word_1_67' title='bbox 1649 1364 1993 1434; x_wconf 86' lang='lat' dir='ltr'><strong>subscribe</strong></span> <span class='ocrx_word' id='word_1_68' title='bbox 2026 1360 2277 1431; x_wconf 89' lang='lat' dir='ltr'><strong>libello.</strong></span> 
     </span>
    </p>
   </div>
   <div class='ocr_carea' id='block_1_9' title="bbox 516 1597 1530 1751">
    <p class='ocr_par' dir='ltr' id='par_1_9' title="bbox 516 1597 1530 1751">
     <span class='ocr_line' id='line_1_13' title="bbox 516 1597 1530 1666; baseline -0.004 -14"><span class='ocrx_word' id='word_1_69' title='bbox 516 1601 847 1666; x_wconf 72' lang='lat' dir='ltr'><strong>assignaturus</strong></span> <span class='ocrx_word' id='word_1_70' title='bbox 882 1598 1073 1650; x_wconf 71' lang='lat' dir='ltr'><strong>fuisset.</strong></span> <span class='ocrx_word' id='word_1_71' title='bbox 1103 1625 1176 1636; x_wconf 90' lang='lat'><em>-</em></span> <span class='ocrx_word' id='word_1_72' title='bbox 1200 1597 1437 1657; x_wconf 76' lang='lat' dir='ltr'><strong>Fuscus,</strong></span> <span class='ocrx_word' id='word_1_73' title='bbox 1466 1597 1530 1649; x_wconf 87' lang='lat' dir='ltr'><strong>de</strong></span> 
     </span>
     <span class='ocr_line' id='line_1_14' title="bbox 518 1680 1524 1751; baseline -0.006 -14"><span class='ocrx_word' id='word_1_74' title='bbox 518 1683 913 1740; x_wconf 66' lang='lat' dir='ltr'><strong>Animeuscm</strong></span> <span class='ocrx_word' id='word_1_75' title='bbox 932 1683 1001 1734; x_wconf 81' lang='lat' dir='ltr'><strong>cf.</strong></span> <span class='ocrx_word' id='word_1_76' title='bbox 1018 1699 1157 1751; x_wconf 73' lang='lat' dir='ltr'><strong>supr.</strong></span> <span class='ocrx_word' id='word_1_77' title='bbox 1178 1680 1275 1734; x_wconf 80' lang='lat' dir='ltr'><strong>od.</strong></span> <span class='ocrx_word' id='word_1_78' title='bbox 1292 1682 1339 1742; x_wconf 92' lang='lat'><strong>1,</strong></span> <span class='ocrx_word' id='word_1_79' title='bbox 1359 1691 1449 1744; x_wconf 71' lang='lat'><strong>22,</strong></span> <span class='ocrx_word' id='word_1_80' title='bbox 1470 1690 1524 1732; x_wconf 70' lang='lat'><strong>4.</strong></span> 
     </span>
    </p>
   </div>
   <div class='ocr_carea' id='block_1_10' title="bbox 406 1763 1528 1838">
    <p class='ocr_par' dir='ltr' id='par_1_10' title="bbox 406 1763 1528 1838">
     <span class='ocr_line' id='line_1_15' title="bbox 406 1763 1528 1838; baseline -0.004 -21"><span class='ocrx_word' id='word_1_81' title='bbox 406 1779 411 1790; x_wconf 88' lang='grc'><em>·</em></span> <span class='ocrx_word' id='word_1_82' title='bbox 517 1796 591 1807; x_wconf 84' lang='lat'><strong>--</strong></span> <span class='ocrx_word' id='word_1_83' title='bbox 606 1766 804 1820; x_wconf 74' lang='lat' dir='ltr'><strong>Viscor.</strong></span> <span class='ocrx_word' id='word_1_84' title='bbox 830 1779 1065 1838; x_wconf 75' lang='lat' dir='ltr'><strong>uterque,</strong></span> <span class='ocrx_word' id='word_1_85' title='bbox 1089 1765 1157 1817; x_wconf 79' lang='lat' dir='ltr'><strong>cf.</strong></span> <span class='ocrx_word' id='word_1_86' title='bbox 1182 1781 1317 1832; x_wconf 78' lang='lat' dir='ltr'><strong>supr.</strong></span> <span class='ocrx_word' id='word_1_87' title='bbox 1349 1763 1451 1816; x_wconf 79' lang='lat' dir='ltr'><strong>Sat.</strong></span> <span class='ocrx_word' id='word_1_88' title='bbox 1476 1763 1528 1828; x_wconf 87' lang='lat'><strong>1,</strong></span> 
     </span>
    </p>
   </div>
   <div class='ocr_carea' id='block_1_11' title="bbox 516 1846 1532 2416">
    <p class='ocr_par' dir='ltr' id='par_1_11' title="bbox 516 1846 1532 2416">
     <span class='ocr_line' id='line_1_16' title="bbox 521 1846 1531 1917; baseline -0.006 -13"><span class='ocrx_word' id='word_1_89' title='bbox 521 1863 552 1904; x_wconf 77' lang='grc'>9</span> <span class='ocrx_word' id='word_1_90' title='bbox 572 1889 589 1917; x_wconf 88' lang='grc'><em>,</em></span> <span class='ocrx_word' id='word_1_91' title='bbox 619 1862 705 1902; x_wconf 70' lang='lat'><strong>22.</strong></span> <span class='ocrx_word' id='word_1_92' title='bbox 729 1876 800 1888; x_wconf 93' lang='lat'>—</span> <span class='ocrx_word' id='word_1_93' title='bbox 824 1848 1094 1900; x_wconf 70' lang='lat' dir='ltr'><strong>ambitione</strong></span> <span class='ocrx_word' id='word_1_94' title='bbox 1126 1849 1382 1916; x_wconf 74' lang='lat' dir='ltr'><strong>relegata,</strong></span> <span class='ocrx_word' id='word_1_95' title='bbox 1420 1846 1531 1898; x_wconf 76' lang='lat' dir='ltr'><strong>sine</strong></span> 
     </span>
     <span class='ocr_line' id='line_1_17' title="bbox 517 1929 1529 2001; baseline -0.008 -13"><span class='ocrx_word' id='word_1_96' title='bbox 517 1936 655 1988; x_wconf 88' lang='lat' dir='ltr'><strong>omni</strong></span> <span class='ocrx_word' id='word_1_97' title='bbox 684 1934 849 2001; x_wconf 73' lang='lat' dir='ltr'><strong>gloriae</strong></span> <span class='ocrx_word' id='word_1_98' title='bbox 880 1951 974 2001; x_wconf 83' lang='lat' dir='ltr'><strong>per</strong></span> <span class='ocrx_word' id='word_1_99' title='bbox 1002 1934 1202 1986; x_wconf 83' lang='lat' dir='ltr'><strong>nomina</strong></span> <span class='ocrx_word' id='word_1_100' title='bbox 1223 1940 1383 1984; x_wconf 69' lang='lat' dir='ltr'><strong>vestra</strong></span> <span class='ocrx_word' id='word_1_101' title='bbox 1401 1929 1529 1981; x_wconf 87' lang='lat' dir='ltr'><strong>mihi</strong></span> 
     </span>
     <span class='ocr_line' id='line_1_18' title="bbox 516 2013 1530 2086; baseline -0.005 -17"><span class='ocrx_word' id='word_1_102' title='bbox 516 2017 766 2086; x_wconf 65' lang='lat' dir='ltr'><strong>captanda</strong></span> <span class='ocrx_word' id='word_1_103' title='bbox 792 2015 986 2081; x_wconf 75' lang='lat' dir='ltr'><strong>studi03</strong></span> <span class='ocrx_word' id='word_1_104' title='bbox 1005 2015 1079 2067; x_wconf 85' lang='lat' dir='ltr'><strong>ait</strong></span> <span class='ocrx_word' id='word_1_105' title='bbox 1102 2015 1254 2081; x_wconf 85' lang='lat' dir='ltr'><strong>igitur</strong></span> <span class='ocrx_word' id='word_1_106' title='bbox 1271 2013 1530 2076; x_wconf 73' lang='lat' dir='ltr'><strong>Horatius,</strong></span> 
     </span>
     <span class='ocr_line' id='line_1_19' title="bbox 518 2098 1532 2165; baseline -0.002 -13"><span class='ocrx_word' id='word_1_107' title='bbox 518 2117 573 2152; x_wconf 72' lang='lat' dir='ltr'><strong>se</strong></span> <span class='ocrx_word' id='word_1_108' title='bbox 590 2098 863 2150; x_wconf 87' lang='lat' dir='ltr'><strong>Pollionem</strong></span> <span class='ocrx_word' id='word_1_109' title='bbox 886 2107 936 2148; x_wconf 89' lang='lat' dir='ltr'><strong>et</strong></span> <span class='ocrx_word' id='word_1_110' title='bbox 956 2108 1173 2162; x_wconf 86' lang='lat' dir='ltr'><strong>ceteros,</strong></span> <span class='ocrx_word' id='word_1_111' title='bbox 1200 2099 1304 2165; x_wconf 86' lang='lat' dir='ltr'><strong>jam</strong></span> <span class='ocrx_word' id='word_1_112' title='bbox 1342 2114 1443 2149; x_wconf 86' lang='lat' dir='ltr'><strong>non</strong></span> <span class='ocrx_word' id='word_1_113' title='bbox 1474 2106 1532 2150; x_wconf 87' lang='lat' dir='ltr'><strong>ut</strong></span> 
     </span>
     <span class='ocr_line' id='line_1_20' title="bbox 518 2179 1529 2248; baseline 0 -16"><span class='ocrx_word' id='word_1_114' title='bbox 518 2181 651 2233; x_wconf 71' lang='lat' dir='ltr'><strong>viros</strong></span> <span class='ocrx_word' id='word_1_115' title='bbox 688 2179 879 2232; x_wconf 61' lang='lat' dir='ltr'><strong>nobile·</strong></span> <span class='ocrx_word' id='word_1_116' title='bbox 894 2215 909 2246; x_wconf 89' lang='lat'><strong>,</strong></span> <span class='ocrx_word' id='word_1_117' title='bbox 950 2196 1157 2248; x_wconf 85' lang='lat' dir='ltr'><strong>quorum</strong></span> <span class='ocrx_word' id='word_1_118' title='bbox 1201 2180 1529 2248; x_wconf 77' lang='lat' dir='ltr'><strong>patrocinium</strong></span> 
     </span>
     <span class='ocr_line' id='line_1_21' title="bbox 516 2263 1532 2332; baseline 0.003 -17"><span class='ocrx_word' id='word_1_119' title='bbox 516 2265 703 2332; x_wconf 81' lang='lat' dir='ltr'><strong>jactare</strong></span> <span class='ocrx_word' id='word_1_120' title='bbox 716 2263 889 2331; x_wconf 75' lang='lat' dir='ltr'><strong>possit,</strong></span> <span class='ocrx_word' id='word_1_121' title='bbox 903 2264 990 2315; x_wconf 74' lang='lat' dir='ltr'><strong>sed</strong></span> <span class='ocrx_word' id='word_1_122' title='bbox 1008 2273 1065 2316; x_wconf 87' lang='lat' dir='ltr'><strong>ut</strong></span> <span class='ocrx_word' id='word_1_123' title='bbox 1078 2263 1245 2316; x_wconf 73' lang='lat' dir='ltr'><strong>doctos</strong></span> <span class='ocrx_word' id='word_1_124' title='bbox 1264 2274 1319 2317; x_wconf 83' lang='lat' dir='ltr'><strong>et</strong></span> <span class='ocrx_word' id='word_1_125' title='bbox 1334 2264 1532 2318; x_wconf 81' lang='lat' dir='ltr'><strong>idoneo·</strong></span> 
     </span>
     <span class='ocr_line' id='line_1_22' title="bbox 520 2347 1528 2416; baseline 0.001 -17"><span class='ocrx_word' id='word_1_126' title='bbox 520 2347 795 2399; x_wconf 76' lang='lat' dir='ltr'><strong>carminum</strong></span> <span class='ocrx_word' id='word_1_127' title='bbox 812 2363 1013 2398; x_wconf 78' lang='lat' dir='ltr'><strong>suorum</strong></span> <span class='ocrx_word' id='word_1_128' title='bbox 1031 2347 1245 2398; x_wconf 77' lang='lat' dir='ltr'><strong>arbitros</strong></span> <span class='ocrx_word' id='word_1_129' title='bbox 1260 2348 1528 2416; x_wconf 75' lang='lat' dir='ltr'><strong>appellare.</strong></span> 
     </span>
    </p>
   </div>
   <div class='ocr_carea' id='block_1_12' title="bbox 520 2429 1540 4008">
    <p class='ocr_par' dir='ltr' id='par_1_12' title="bbox 520 2429 1540 4008">
     <span class='ocr_line' id='line_1_23' title="bbox 522 2429 1534 2499; baseline 0.006 -20"><span class='ocrx_word' id='word_1_130' title='bbox 522 2431 829 2482; x_wconf 78' lang='lat' dir='ltr'><strong>—Messala</strong></span> <span class='ocrx_word' id='word_1_131' title='bbox 849 2429 945 2498; x_wconf 82' lang='lat' dir='ltr'><strong>(cf.</strong></span> <span class='ocrx_word' id='word_1_132' title='bbox 970 2448 1108 2498; x_wconf 79' lang='lat' dir='ltr'><strong>supr.</strong></span> <span class='ocrx_word' id='word_1_133' title='bbox 1130 2431 1193 2482; x_wconf 81' lang='lat' dir='ltr'><strong>ad</strong></span> <span class='ocrx_word' id='word_1_134' title='bbox 1211 2449 1259 2482; x_wconf 78' lang='lat' dir='ltr'><strong>v.</strong></span> <span class='ocrx_word' id='word_1_135' title='bbox 1284 2441 1350 2482; x_wconf 72' lang='lat'><strong>39</strong></span> <span class='ocrx_word' id='word_1_136' title='bbox 1367 2429 1385 2499; x_wconf 94' lang='lat'>)</span> <span class='ocrx_word' id='word_1_137' title='bbox 1404 2469 1419 2496; x_wconf 88' lang='lat'><strong>,</strong></span> <span class='ocrx_word' id='word_1_138' title='bbox 1444 2443 1534 2485; x_wconf 71' lang='lat' dir='ltr'><strong>tuo</strong></span> 
     </span>
     <span class='ocr_line' id='line_1_24' title="bbox 520 2513 1528 2585; baseline -0.002 -17"><span class='ocrx_word' id='word_1_139' title='bbox 520 2514 841 2585; x_wconf 71' lang='lat' dir='ltr'><strong>cumfratre,</strong></span> <span class='ocrx_word' id='word_1_140' title='bbox 866 2515 1029 2567; x_wconf 85' lang='lat' dir='ltr'><strong>Schol.</strong></span> <span class='ocrx_word' id='word_1_141' title='bbox 1055 2513 1210 2584; x_wconf 86' lang='lat' dir='ltr'><strong>Cruq.</strong></span> <span class='ocrx_word' id='word_1_142' title='bbox 1234 2514 1528 2570; x_wconf 79' lang='lat' dir='ltr'><strong>Publicola.</strong></span> 
     </span>
     <span class='ocr_line' id='line_1_25' title="bbox 523 2595 1536 2666; baseline 0.007 -19"><span class='ocrx_word' id='word_1_143' title='bbox 523 2627 593 2638; x_wconf 92' lang='lat'><strong>--</strong></span> <span class='ocrx_word' id='word_1_144' title='bbox 608 2595 795 2648; x_wconf 82' lang='lat' dir='ltr'><strong>Bibule</strong></span> <span class='ocrx_word' id='word_1_145' title='bbox 826 2610 876 2649; x_wconf 78' lang='lat' dir='ltr'><strong>et</strong></span> <span class='ocrx_word' id='word_1_146' title='bbox 898 2597 1058 2648; x_wconf 74' lang='lat' dir='ltr'><strong>Servi.</strong></span> <span class='ocrx_word' id='word_1_147' title='bbox 1096 2599 1321 2650; x_wconf 72' lang='lat' dir='ltr'><strong>Bibulus</strong></span> <span class='ocrx_word' id='word_1_148' title='bbox 1344 2615 1373 2650; x_wconf 90' lang='lat' dir='ltr'><strong>e</strong></span> <span class='ocrx_word' id='word_1_149' title='bbox 1392 2610 1536 2666; x_wconf 76' lang='lat' dir='ltr'><strong>gente</strong></span> 
     </span>
     <span class='ocr_line' id='line_1_26' title="bbox 521 2679 1536 2751; baseline 0.004 -19"><span class='ocrx_word' id='word_1_150' title='bbox 521 2679 793 2748; x_wconf 82' lang='lat' dir='ltr'><strong>Calpurnia</strong></span> <span class='ocrx_word' id='word_1_151' title='bbox 806 2715 823 2745; x_wconf 91' lang='lat'>‚</span> <span class='ocrx_word' id='word_1_152' title='bbox 848 2691 900 2732; x_wconf 87' lang='lat' dir='ltr'><strong>et</strong></span> <span class='ocrx_word' id='word_1_153' title='bbox 926 2679 1136 2732; x_wconf 75' lang='lat' dir='ltr'><strong>Servius</strong></span> <span class='ocrx_word' id='word_1_154' title='bbox 1155 2701 1184 2734; x_wconf 89' lang='lat' dir='ltr'><strong>e</strong></span> <span class='ocrx_word' id='word_1_155' title='bbox 1200 2693 1344 2749; x_wconf 76' lang='lat' dir='ltr'><strong>gente</strong></span> <span class='ocrx_word' id='word_1_156' title='bbox 1360 2681 1536 2751; x_wconf 75' lang='lat' dir='ltr'><strong>Sulpi-</strong></span> 
     </span>
     <span class='ocr_line' id='line_1_27' title="bbox 521 2764 1538 2829; baseline 0.003 -14"><span class='ocrx_word' id='word_1_157' title='bbox 521 2765 632 2826; x_wconf 77' lang='lat' dir='ltr'><strong>cia3</strong></span> <span class='ocrx_word' id='word_1_158' title='bbox 680 2764 735 2815; x_wconf 84' lang='lat' dir='ltr'><strong>hi</strong></span> <span class='ocrx_word' id='word_1_159' title='bbox 777 2781 878 2816; x_wconf 86' lang='lat' dir='ltr'><strong>nou</strong></span> <span class='ocrx_word' id='word_1_160' title='bbox 924 2764 1184 2818; x_wconf 79' lang='lat' dir='ltr'><strong>nobilitate</strong></span> <span class='ocrx_word' id='word_1_161' title='bbox 1220 2767 1409 2829; x_wconf 79' lang='lat' dir='ltr'><strong>solum,</strong></span> <span class='ocrx_word' id='word_1_162' title='bbox 1450 2769 1538 2821; x_wconf 86' lang='lat' dir='ltr'><strong>sed</strong></span> 
     </span>
     <span class='ocr_line' id='line_1_28' title="bbox 522 2838 1540 2918; baseline 0.004 -18"><span class='ocrx_word' id='word_1_163' title='bbox 522 2848 673 2900; x_wconf 83' lang='lat' dir='ltr'><strong>etiam</strong></span> <span class='ocrx_word' id='word_1_164' title='bbox 702 2847 941 2899; x_wconf 73' lang='lat' dir='ltr'><strong>doctrinae</strong></span> <span class='ocrx_word' id='word_1_165' title='bbox 975 2849 1119 2901; x_wconf 76' lang='lat' dir='ltr'><strong>laude</strong></span> <span class='ocrx_word' id='word_1_166' title='bbox 1146 2853 1365 2918; x_wconf 75' lang='lat' dir='ltr'><strong>insignes</strong></span> <span class='ocrx_word' id='word_1_167' title='bbox 1387 2838 1540 2904; x_wconf 68' lang='lat' dir='ltr'><strong>fuisse</strong></span> 
     </span>
     <span class='ocr_line' id='line_1_29' title="bbox 520 2933 1535 3005; baseline 0.001 -21"><span class='ocrx_word' id='word_1_168' title='bbox 520 2933 767 2994; x_wconf 70' lang='lat' dir='ltr'><strong>videntur,</strong></span> <span class='ocrx_word' id='word_1_169' title='bbox 800 2943 857 2983; x_wconf 89' lang='lat' dir='ltr'><strong>ut</strong></span> <span class='ocrx_word' id='word_1_170' title='bbox 878 2949 940 2984; x_wconf 83' lang='lat' dir='ltr'><strong>ex</strong></span> <span class='ocrx_word' id='word_1_171' title='bbox 970 2933 1063 2984; x_wconf 87' lang='lat' dir='ltr'><strong>hoc</strong></span> <span class='ocrx_word' id='word_1_172' title='bbox 1094 2933 1197 2986; x_wconf 82' lang='lat' dir='ltr'><strong>loeo</strong></span> <span class='ocrx_word' id='word_1_173' title='bbox 1218 2945 1437 3005; x_wconf 83' lang='lat' dir='ltr'><strong>apparet.</strong></span> <span class='ocrx_word' id='word_1_174' title='bbox 1462 2965 1535 2976; x_wconf 90' lang='lat'><strong>—-</strong></span> 
     </span>
     <span class='ocr_line' id='line_1_30' title="bbox 522 3017 1529 3086; baseline 0.005 -20"><span class='ocrx_word' id='word_1_175' title='bbox 522 3019 683 3068; x_wconf 75' lang='lat' dir='ltr'><strong>sz&#39;mul</strong></span> <span class='ocrx_word' id='word_1_176' title='bbox 695 3017 791 3076; x_wconf 70' lang='lat' dir='ltr'><strong>lais,</strong></span> <span class='ocrx_word' id='word_1_177' title='bbox 814 3036 931 3086; x_wconf 83' lang='lat' dir='ltr'><strong>pro:</strong></span> <span class='ocrx_word' id='word_1_178' title='bbox 957 3035 1055 3068; x_wconf 84' lang='lat' dir='ltr'><strong>una</strong></span> <span class='ocrx_word' id='word_1_179' title='bbox 1072 3035 1182 3070; x_wconf 86' lang='lat' dir='ltr'><strong>cum</strong></span> <span class='ocrx_word' id='word_1_180' title='bbox 1208 3019 1311 3086; x_wconf 81' lang='lat' dir='ltr'><strong>his3</strong></span> <span class='ocrx_word' id='word_1_181' title='bbox 1334 3030 1389 3070; x_wconf 86' lang='lat' dir='ltr'><strong>ut</strong></span> <span class='ocrx_word' id='word_1_182' title='bbox 1408 3021 1529 3071; x_wconf 83' lang='lat' dir='ltr'><strong>infr.</strong></span> 
     </span>
     <span class='ocr_line' id='line_1_31' title="bbox 522 3101 1536 3171; baseline 0.004 -19"><span class='ocrx_word' id='word_1_183' title='bbox 522 3101 683 3170; x_wconf 83' lang='lat' dir='ltr'><strong>Epist.</strong></span> <span class='ocrx_word' id='word_1_184' title='bbox 710 3103 763 3154; x_wconf 92' lang='lat'><strong>11</strong></span> <span class='ocrx_word' id='word_1_185' title='bbox 782 3139 797 3164; x_wconf 82' lang='lat'>‚</span> <span class='ocrx_word' id='word_1_186' title='bbox 822 3115 851 3153; x_wconf 62' lang='grc' dir='ltr'>Β</span> <span class='ocrx_word' id='word_1_187' title='bbox 872 3141 888 3166; x_wconf 91' lang='grc'><strong>,</strong></span> <span class='ocrx_word' id='word_1_188' title='bbox 910 3112 1013 3156; x_wconf 69' lang='lat'><strong>205</strong></span> <span class='ocrx_word' id='word_1_189' title='bbox 1030 3139 1046 3168; x_wconf 88' lang='lat'><strong>,</strong></span> <span class='ocrx_word' id='word_1_190' title='bbox 1072 3112 1122 3154; x_wconf 87' lang='lat' dir='ltr'><strong>et</strong></span> <span class='ocrx_word' id='word_1_191' title='bbox 1146 3104 1217 3154; x_wconf 80' lang='lat' dir='ltr'><strong>sic</strong></span> <span class='ocrx_word' id='word_1_192' title='bbox 1242 3104 1441 3171; x_wconf 81' lang='lat' dir='ltr'><strong>passim.</strong></span> <span class='ocrx_word' id='word_1_193' title='bbox 1466 3133 1536 3144; x_wconf 90' lang='lat'><strong>-—</strong></span> 
     </span>
     <span class='ocr_line' id='line_1_32' title="bbox 521 3184 1538 3252; baseline 0.005 -18"><span class='ocrx_word' id='word_1_194' title='bbox 521 3185 705 3236; x_wconf 83' lang='lat' dir='ltr'><strong>Fumi.</strong></span> <span class='ocrx_word' id='word_1_195' title='bbox 731 3185 893 3236; x_wconf 84' lang='lat' dir='ltr'><strong>Schol.</strong></span> <span class='ocrx_word' id='word_1_196' title='bbox 916 3184 1069 3252; x_wconf 88' lang='lat' dir='ltr'><strong>Cruq.</strong></span> <span class='ocrx_word' id='word_1_197' title='bbox 1096 3205 1121 3230; x_wconf 77' lang='grc' dir='ltr'><strong>ιι</strong></span> <span class='ocrx_word' id='word_1_198' title='bbox 1136 3185 1367 3236; x_wconf 75' lang='lat' dir='ltr'><strong>Fur-nius</strong></span> <span class='ocrx_word' id='word_1_199' title='bbox 1385 3187 1538 3239; x_wconf 76' lang='lat' dir='ltr'><strong>histo-</strong></span> 
     </span>
     <span class='ocr_line' id='line_1_33' title="bbox 522 3269 1537 3334; baseline -0.001 -14"><span class='ocrx_word' id='word_1_200' title='bbox 522 3271 707 3321; x_wconf 85' lang='lat' dir='ltr'><strong>riarum</strong></span> <span class='ocrx_word' id='word_1_201' title='bbox 740 3270 836 3321; x_wconf 81' lang='lat' dir='ltr'><strong>fide</strong></span> <span class='ocrx_word' id='word_1_202' title='bbox 866 3280 919 3320; x_wconf 90' lang='lat' dir='ltr'><strong>et</strong></span> <span class='ocrx_word' id='word_1_203' title='bbox 948 3269 1187 3334; x_wconf 81' lang='lat' dir='ltr'><strong>elegantia</strong></span> <span class='ocrx_word' id='word_1_204' title='bbox 1214 3270 1409 3323; x_wconf 85' lang='lat' dir='ltr'><strong>claruit.</strong></span> <span class='ocrx_word' id='word_1_205' title='bbox 1434 3292 1537 3319; x_wconf 76' lang='lat'><strong>”—</strong></span> 
     </span>
     <span class='ocr_line' id='line_1_34' title="bbox 524 3355 1536 3423; baseline 0.005 -21"><span class='ocrx_word' id='word_1_206' title='bbox 524 3355 576 3403; x_wconf 80' lang='lat' dir='ltr'><strong>si</strong></span> <span class='ocrx_word' id='word_1_207' title='bbox 594 3355 837 3423; x_wconf 74' lang='lat' dir='ltr'><strong>placeant</strong></span> <span class='ocrx_word' id='word_1_208' title='bbox 870 3370 956 3422; x_wconf 79' lang='lat' dir='ltr'><strong>spe</strong></span> <span class='ocrx_word' id='word_1_209' title='bbox 980 3355 1224 3404; x_wconf 59' lang='lat' dir='ltr'><strong>Decet-ius</strong></span> <span class='ocrx_word' id='word_1_210' title='bbox 1260 3369 1431 3405; x_wconf 75' lang='lat' dir='ltr'><strong>noum</strong></span> <span class='ocrx_word' id='word_1_211' title='bbox 1444 3391 1463 3415; x_wconf 92' lang='lat'>‚</span> <span class='ocrx_word' id='word_1_212' title='bbox 1492 3356 1536 3407; x_wconf 76' lang='lat' dir='ltr'><strong>si</strong></span> 
     </span>
     <span class='ocr_line' id='line_1_35' title="bbox 527 3436 1536 3504; baseline 0.005 -18"><span class='ocrx_word' id='word_1_213' title='bbox 527 3436 719 3501; x_wconf 86' lang='lat' dir='ltr'><strong>minus,</strong></span> <span class='ocrx_word' id='word_1_214' title='bbox 738 3453 883 3504; x_wconf 81' lang='lat' dir='ltr'><strong>quam</strong></span> <span class='ocrx_word' id='word_1_215' title='bbox 902 3452 989 3500; x_wconf 81' lang='lat' dir='ltr'><strong>ego</strong></span> <span class='ocrx_word' id='word_1_216' title='bbox 1014 3453 1185 3502; x_wconf 85' lang='lat' dir='ltr'><strong>spero,</strong></span> <span class='ocrx_word' id='word_1_217' title='bbox 1211 3436 1461 3504; x_wconf 70' lang='lat' dir='ltr'><strong>placeant5</strong></span> <span class='ocrx_word' id='word_1_218' title='bbox 1489 3440 1536 3491; x_wconf 74' lang='lat' dir='ltr'><strong>si</strong></span> 
     </span>
     <span class='ocr_line' id='line_1_36' title="bbox 526 3519 1471 3588; baseline 0.005 -18"><span class='ocrx_word' id='word_1_219' title='bbox 526 3532 706 3587; x_wconf 82' lang='lat' dir='ltr'><strong>proeter</strong></span> <span class='ocrx_word' id='word_1_220' title='bbox 725 3537 861 3588; x_wconf 82' lang='lat' dir='ltr'><strong>spem</strong></span> <span class='ocrx_word' id='word_1_221' title='bbox 887 3537 1041 3572; x_wconf 83' lang='lat' dir='ltr'><strong>meam</strong></span> <span class='ocrx_word' id='word_1_222' title='bbox 1068 3519 1375 3588; x_wconf 76' lang='lat' dir='ltr'><strong>displiceant.</strong></span> <span class='ocrx_word' id='word_1_223' title='bbox 1466 3569 1471 3575; x_wconf 86' lang='lat'>.</span> 
     </span>
     <span class='ocr_line' id='line_1_37' title="bbox 599 3603 1536 3674; baseline 0 -18"><span class='ocrx_word' id='word_1_224' title='bbox 599 3615 685 3656; x_wconf 80' lang='grc'><strong>90.</strong></span> <span class='ocrx_word' id='word_1_225' title='bbox 724 3605 987 3674; x_wconf 79' lang='lat' dir='ltr'><strong>Postquam</strong></span> <span class='ocrx_word' id='word_1_226' title='bbox 1006 3603 1241 3656; x_wconf 80' lang='lat' dir='ltr'><strong>Horatius</strong></span> <span class='ocrx_word' id='word_1_227' title='bbox 1258 3615 1425 3656; x_wconf 74' lang='lat' dir='ltr'><strong>oontm</strong></span> <span class='ocrx_word' id='word_1_228' title='bbox 1444 3605 1536 3660; x_wconf 87' lang='lat' dir='ltr'><strong>ob-</strong></span> 
     </span>
     <span class='ocr_line' id='line_1_38' title="bbox 524 3689 1534 3757; baseline 0.002 -19"><span class='ocrx_word' id='word_1_229' title='bbox 524 3697 807 3740; x_wconf 72' lang='lat' dir='ltr'><strong>trectatoms</strong></span> <span class='ocrx_word' id='word_1_230' title='bbox 824 3727 841 3752; x_wconf 90' lang='lat'><strong>,</strong></span> <span class='ocrx_word' id='word_1_231' title='bbox 863 3689 1108 3756; x_wconf 65' lang='lat' dir='ltr'><strong>praecipue</strong></span> <span class='ocrx_word' id='word_1_232' title='bbox 1122 3698 1292 3740; x_wconf 79' lang='lat' dir='ltr'><strong>eontra</strong></span> <span class='ocrx_word' id='word_1_233' title='bbox 1311 3705 1393 3740; x_wconf 77' lang='lat' dir='ltr'><strong>eos</strong></span> <span class='ocrx_word' id='word_1_234' title='bbox 1410 3726 1425 3750; x_wconf 83' lang='lat'>‚</span> <span class='ocrx_word' id='word_1_235' title='bbox 1443 3689 1534 3757; x_wconf 84' lang='lat' dir='ltr'><strong>qui</strong></span> 
     </span>
     <span class='ocr_line' id='line_1_39' title="bbox 526 3771 1537 3842; baseline 0.005 -22"><span class='ocrx_word' id='word_1_236' title='bbox 526 3771 773 3822; x_wconf 79' lang='lat' dir='ltr'><strong>Lucilium</strong></span> <span class='ocrx_word' id='word_1_237' title='bbox 794 3773 919 3826; x_wconf 79' lang='lat' dir='ltr'><strong>male</strong></span> <span class='ocrx_word' id='word_1_238' title='bbox 940 3775 1004 3826; x_wconf 81' lang='lat' dir='ltr'><strong>ab</strong></span> <span class='ocrx_word' id='word_1_239' title='bbox 1026 3792 1083 3826; x_wconf 88' lang='lat' dir='ltr'><strong>eo</strong></span> <span class='ocrx_word' id='word_1_240' title='bbox 1102 3783 1159 3826; x_wconf 87' lang='lat' dir='ltr'><strong>ut</strong></span> <span class='ocrx_word' id='word_1_241' title='bbox 1178 3783 1371 3842; x_wconf 80' lang='lat' dir='ltr'><strong>poetam</strong></span> <span class='ocrx_word' id='word_1_242' title='bbox 1391 3773 1537 3825; x_wconf 75' lang='lat' dir='ltr'><strong>vitio-</strong></span> 
     </span>
     <span class='ocr_line' id='line_1_40' title="bbox 526 3855 1537 3923; baseline 0.004 -19"><span class='ocrx_word' id='word_1_243' title='bbox 526 3869 637 3914; x_wconf 73' lang='lat' dir='ltr'><strong>sum</strong></span> <span class='ocrx_word' id='word_1_244' title='bbox 683 3855 1031 3922; x_wconf 77' lang='lat' dir='ltr'><strong>reprehensum</strong></span> <span class='ocrx_word' id='word_1_245' title='bbox 1076 3873 1184 3910; x_wconf 74' lang='lat' dir='ltr'><strong>esse</strong></span> <span class='ocrx_word' id='word_1_246' title='bbox 1224 3856 1500 3910; x_wconf 74' lang='lat' dir='ltr'><strong>clamabant</strong></span> <span class='ocrx_word' id='word_1_247' title='bbox 1519 3893 1537 3923; x_wconf 85' lang='lat'><strong>,</strong></span> 
     </span>
     <span class='ocr_line' id='line_1_41' title="bbox 528 3929 1538 4008; baseline 0.006 -20"><span class='ocrx_word' id='word_1_248' title='bbox 528 3952 720 3990; x_wconf 77' lang='lat' dir='ltr'><strong>causam</strong></span> <span class='ocrx_word' id='word_1_249' title='bbox 764 3953 901 3993; x_wconf 67' lang='lat' dir='ltr'><strong>fluam</strong></span> <span class='ocrx_word' id='word_1_250' title='bbox 940 3941 1188 4008; x_wconf 74' lang='lat' dir='ltr'><strong>peroravit</strong></span> <span class='ocrx_word' id='word_1_251' title='bbox 1202 3977 1219 4008; x_wconf 85' lang='lat'><strong>,</strong></span> <span class='ocrx_word' id='word_1_252' title='bbox 1250 3941 1355 4008; x_wconf 78' lang='lat' dir='ltr'><strong>jam</strong></span> <span class='ocrx_word' id='word_1_253' title='bbox 1388 3929 1538 3994; x_wconf 71' lang='lat' dir='ltr'><strong>linem</strong></span> 
     </span>
    </p>
   </div>
   <div class='ocr_carea' id='block_1_13' title="bbox 1599 1589 2620 1998">
    <p class='ocr_par' dir='ltr' id='par_1_13' title="bbox 1599 1589 2620 1998">
     <span class='ocr_line' id='line_1_42' title="bbox 1599 1589 2618 1662; baseline -0.007 -13"><span class='ocrx_word' id='word_1_254' title='bbox 1599 1595 1806 1648; x_wconf 69' lang='lat' dir='ltr'><strong>carmini</strong></span> <span class='ocrx_word' id='word_1_255' title='bbox 1857 1595 2175 1662; x_wconf 74' lang='lat' dir='ltr'><strong>impositurus</strong></span> <span class='ocrx_word' id='word_1_256' title='bbox 2223 1589 2530 1644; x_wconf 83' lang='lat' dir='ltr'><strong>Demetrium</strong></span> <span class='ocrx_word' id='word_1_257' title='bbox 2565 1603 2618 1644; x_wconf 87' lang='lat' dir='ltr'><strong>et</strong></span> 
     </span>
     <span class='ocr_line' id='line_1_43' title="bbox 1599 1673 2618 1746; baseline -0.009 -13"><span class='ocrx_word' id='word_1_258' title='bbox 1599 1679 1870 1746; x_wconf 79' lang='lat' dir='ltr'><strong>Tigellium</strong></span> <span class='ocrx_word' id='word_1_259' title='bbox 1887 1717 1904 1745; x_wconf 87' lang='lat'><strong>,</strong></span> <span class='ocrx_word' id='word_1_260' title='bbox 1924 1677 2044 1728; x_wconf 88' lang='lat' dir='ltr'><strong>dnm</strong></span> <span class='ocrx_word' id='word_1_261' title='bbox 2079 1693 2163 1728; x_wconf 77' lang='lat' dir='ltr'><strong>eos</strong></span> <span class='ocrx_word' id='word_1_262' title='bbox 2187 1685 2246 1726; x_wconf 87' lang='lat' dir='ltr'><strong>ut</strong></span> <span class='ocrx_word' id='word_1_263' title='bbox 2270 1673 2499 1727; x_wconf 75' lang='lat' dir='ltr'><strong>ridioeloe</strong></span> <span class='ocrx_word' id='word_1_264' title='bbox 2520 1673 2618 1726; x_wconf 89' lang='lat' dir='ltr'><strong>ob-</strong></span> 
     </span>
     <span class='ocr_line' id='line_1_44' title="bbox 1603 1757 2617 1824; baseline -0.004 -10"><span class='ocrx_word' id='word_1_265' title='bbox 1603 1773 1886 1816; x_wconf 75' lang='lat' dir='ltr'><strong>trectatores</strong></span> <span class='ocrx_word' id='word_1_266' title='bbox 1907 1763 2080 1813; x_wconf 77' lang='lat' dir='ltr'><strong>missos</strong></span> <span class='ocrx_word' id='word_1_267' title='bbox 2102 1759 2221 1810; x_wconf 76' lang='lat' dir='ltr'><strong>facit</strong></span> <span class='ocrx_word' id='word_1_268' title='bbox 2235 1797 2250 1824; x_wconf 89' lang='lat'><strong>,</strong></span> <span class='ocrx_word' id='word_1_269' title='bbox 2273 1775 2372 1810; x_wconf 88' lang='lat' dir='ltr'><strong>non</strong></span> <span class='ocrx_word' id='word_1_270' title='bbox 2387 1793 2403 1821; x_wconf 88' lang='lat'>‚</span> <span class='ocrx_word' id='word_1_271' title='bbox 2423 1768 2479 1809; x_wconf 86' lang='lat' dir='ltr'><strong>ut</strong></span> <span class='ocrx_word' id='word_1_272' title='bbox 2493 1757 2617 1810; x_wconf 75' lang='lat' dir='ltr'><strong>alias</strong></span> 
     </span>
     <span class='ocr_line' id='line_1_45' title="bbox 1601 1841 2617 1912; baseline -0.008 -12"><span class='ocrx_word' id='word_1_273' title='bbox 1601 1864 1631 1900; x_wconf 78' lang='lat' dir='ltr'><strong>a</strong></span> <span class='ocrx_word' id='word_1_274' title='bbox 1649 1850 1794 1902; x_wconf 74' lang='lat' dir='ltr'><strong>nobis</strong></span> <span class='ocrx_word' id='word_1_275' title='bbox 1815 1847 2124 1900; x_wconf 75' lang='lat' dir='ltr'><strong>discedentes</strong></span> <span class='ocrx_word' id='word_1_276' title='bbox 2139 1879 2157 1912; x_wconf 89' lang='lat'><strong>,</strong></span> <span class='ocrx_word' id='word_1_277' title='bbox 2175 1844 2355 1896; x_wconf 76' lang='lat' dir='ltr'><strong>valere</strong></span> <span class='ocrx_word' id='word_1_278' title='bbox 2365 1879 2384 1904; x_wconf 92' lang='lat'><strong>,</strong></span> <span class='ocrx_word' id='word_1_279' title='bbox 2413 1843 2500 1894; x_wconf 73' lang='lat' dir='ltr'><strong>sed</strong></span> <span class='ocrx_word' id='word_1_280' title='bbox 2517 1841 2617 1894; x_wconf 72' lang='lat' dir='ltr'><strong>sal-</strong></span> 
     </span>
     <span class='ocr_line' id='line_1_46' title="bbox 1601 1923 2620 1998; baseline -0.006 -14"><span class='ocrx_word' id='word_1_281' title='bbox 1601 1933 1794 1985; x_wconf 75' lang='lat' dir='ltr'><strong>sissime</strong></span> <span class='ocrx_word' id='word_1_282' title='bbox 1813 1933 1946 1982; x_wconf 73' lang='grc' dir='ltr'><em>ιἠεει·</em></span> <span class='ocrx_word' id='word_1_283' title='bbox 1959 1927 2338 1998; x_wconf 76' lang='lat' dir='ltr'><strong>discipularum</strong></span> <span class='ocrx_word' id='word_1_284' title='bbox 2355 1923 2620 1978; x_wconf 67' lang='lat' dir='ltr'><strong>caooedm</strong></span> 
     </span>
    </p>
   </div>
   <div class='ocr_carea' id='block_1_14' title="bbox 1596 2011 2655 2088">
    <p class='ocr_par' dir='ltr' id='par_1_14' title="bbox 1596 2011 2655 2088">
     <span class='ocr_line' id='line_1_47' title="bbox 1596 2011 2655 2088; baseline -0.006 -20"><span class='ocrx_word' id='word_1_285' title='bbox 1596 2017 1802 2087; x_wconf 77' lang='lat' dir='ltr'><strong>plor-are</strong></span> <span class='ocrx_word' id='word_1_286' title='bbox 1814 2015 2002 2088; x_wconf 58' lang='lat' dir='ltr'><strong>juben</strong></span> <span class='ocrx_word' id='word_1_287' title='bbox 2019 2013 2231 2084; x_wconf 71' lang='lat' dir='ltr'><strong>plor-am</strong></span> <span class='ocrx_word' id='word_1_288' title='bbox 2245 2011 2399 2072; x_wconf 84' lang='lat' dir='ltr'><strong>enim,</strong></span> <span class='ocrx_word' id='word_1_289' title='bbox 2417 2021 2476 2061; x_wconf 88' lang='lat' dir='ltr'><strong>ut</strong></span> <span class='ocrx_word' id='word_1_290' title='bbox 2488 2011 2622 2079; x_wconf 72' lang='lat' dir='ltr'><strong>apud</strong></span> <span class='ocrx_word' id='word_1_291' title='bbox 2638 2065 2655 2082; x_wconf 50' lang='lat'><strong>,</strong></span> 
     </span>
    </p>
   </div>
   <div class='ocr_carea' id='block_1_15' title="bbox 1600 2091 2628 4009">
    <p class='ocr_par' dir='ltr' id='par_1_15' title="bbox 1600 2091 2628 4009">
     <span class='ocr_line' id='line_1_48' title="bbox 1603 2091 2622 2166; baseline -0.005 -15"><span class='ocrx_word' id='word_1_292' title='bbox 1603 2098 1800 2150; x_wconf 70' lang='lat' dir='ltr'><strong>Graecos</strong></span> <span class='ocrx_word' id='word_1_293' title='bbox 1835 2096 2042 2166; x_wconf 68' lang='grc' dir='ltr'><strong>οἰμώζειν</strong></span> <span class='ocrx_word' id='word_1_294' title='bbox 2081 2107 2132 2148; x_wconf 83' lang='lat' dir='ltr'><strong>et</strong></span> <span class='ocrx_word' id='word_1_295' title='bbox 2165 2093 2342 2146; x_wconf 73' lang='grc' dir='ltr'><strong>κλαίειν</strong></span> <span class='ocrx_word' id='word_1_296' title='bbox 2365 2091 2622 2162; x_wconf 76' lang='lat' dir='ltr'><strong>(exempla</strong></span> 
     </span>
     <span class='ocr_line' id='line_1_49' title="bbox 1600 2178 2616 2250; baseline -0.004 -18"><span class='ocrx_word' id='word_1_297' title='bbox 1600 2183 1712 2235; x_wconf 81' lang='lat' dir='ltr'><strong>vide</strong></span> <span class='ocrx_word' id='word_1_298' title='bbox 1741 2183 1872 2250; x_wconf 84' lang='lat' dir='ltr'><strong>apud</strong></span> <span class='ocrx_word' id='word_1_299' title='bbox 1891 2179 2261 2248; x_wconf 77' lang='lat' dir='ltr'><strong>Heindoffium)</strong></span> <span class='ocrx_word' id='word_1_300' title='bbox 2282 2179 2346 2230; x_wconf 89' lang='lat' dir='ltr'><strong>de</strong></span> <span class='ocrx_word' id='word_1_301' title='bbox 2365 2178 2616 2247; x_wconf 80' lang='lat' dir='ltr'><strong>querelis,</strong></span> 
     </span>
     <span class='ocr_line' id='line_1_50' title="bbox 1601 2259 2620 2336; baseline -0.007 -18"><span class='ocrx_word' id='word_1_302' title='bbox 1601 2284 1726 2336; x_wconf 79' lang='lat' dir='ltr'><strong>quas</strong></span> <span class='ocrx_word' id='word_1_303' title='bbox 1741 2267 1855 2335; x_wconf 75' lang='lat' dir='ltr'><strong>quiz</strong></span> <span class='ocrx_word' id='word_1_304' title='bbox 1877 2266 1940 2317; x_wconf 89' lang='lat' dir='ltr'><strong>de</strong></span> <span class='ocrx_word' id='word_1_305' title='bbox 1969 2266 2148 2317; x_wconf 82' lang='lat' dir='ltr'><strong>misera</strong></span> <span class='ocrx_word' id='word_1_306' title='bbox 2165 2277 2250 2314; x_wconf 76' lang='lat' dir='ltr'><strong>sua</strong></span> <span class='ocrx_word' id='word_1_307' title='bbox 2268 2269 2398 2314; x_wconf 74' lang='lat' dir='ltr'><strong>sorte</strong></span> <span class='ocrx_word' id='word_1_308' title='bbox 2417 2259 2588 2313; x_wconf 77' lang='lat' dir='ltr'><strong>fundit</strong></span> <span class='ocrx_word' id='word_1_309' title='bbox 2602 2295 2620 2328; x_wconf 90' lang='lat'><strong>,</strong></span> 
     </span>
     <span class='ocr_line' id='line_1_51' title="bbox 1603 2341 2626 2410; baseline -0.003 -10"><span class='ocrx_word' id='word_1_310' title='bbox 1603 2351 1805 2402; x_wconf 87' lang='lat' dir='ltr'><strong>dicitur.</strong></span> <span class='ocrx_word' id='word_1_311' title='bbox 1827 2349 2084 2401; x_wconf 87' lang='lat' dir='ltr'><strong>Videntur</strong></span> <span class='ocrx_word' id='word_1_312' title='bbox 2115 2355 2277 2398; x_wconf 86' lang='lat' dir='ltr'><strong>autem</strong></span> <span class='ocrx_word' id='word_1_313' title='bbox 2295 2341 2541 2410; x_wconf 70' lang='lat' dir='ltr'><strong>Tigellius</strong></span> <span class='ocrx_word' id='word_1_314' title='bbox 2569 2353 2626 2398; x_wconf 84' lang='lat' dir='ltr'><strong>et</strong></span> 
     </span>
     <span class='ocr_line' id='line_1_52' title="bbox 1602 2429 2620 2498; baseline -0.006 -12"><span class='ocrx_word' id='word_1_315' title='bbox 1602 2435 1881 2486; x_wconf 84' lang='lat' dir='ltr'><strong>Demetrius</strong></span> <span class='ocrx_word' id='word_1_316' title='bbox 1915 2432 2102 2484; x_wconf 75' lang='lat' dir='ltr'><strong>scholas</strong></span> <span class='ocrx_word' id='word_1_317' title='bbox 2135 2430 2396 2495; x_wconf 82' lang='lat' dir='ltr'><strong>habuisse,</strong></span> <span class='ocrx_word' id='word_1_318' title='bbox 2430 2429 2620 2498; x_wconf 72' lang='lat' dir='ltr'><strong>quibus</strong></span> 
     </span>
     <span class='ocr_line' id='line_1_53' title="bbox 1605 2509 2618 2583; baseline -0.005 -14"><span class='ocrx_word' id='word_1_319' title='bbox 1605 2518 1876 2569; x_wconf 81' lang='lat' dir='ltr'><strong>intererant</strong></span> <span class='ocrx_word' id='word_1_320' title='bbox 1895 2509 2086 2568; x_wconf 69' lang='lat' dir='ltr'><strong>tantum</strong></span> <span class='ocrx_word' id='word_1_321' title='bbox 2106 2515 2300 2583; x_wconf 67' lang='lat' dir='ltr'><strong>puellm,</strong></span> <span class='ocrx_word' id='word_1_322' title='bbox 2319 2513 2546 2566; x_wconf 73' lang='lat' dir='ltr'><strong>sedentes</strong></span> <span class='ocrx_word' id='word_1_323' title='bbox 2565 2515 2618 2564; x_wconf 86' lang='lat' dir='ltr'><strong>in</strong></span> 
     </span>
     <span class='ocr_line' id='line_1_54' title="bbox 1605 2598 2622 2660; baseline -0.007 -5"><span class='ocrx_word' id='word_1_324' title='bbox 1605 2600 1886 2660; x_wconf 71' lang='lat' dir='ltr'><strong>cathedris,</strong></span> <span class='ocrx_word' id='word_1_325' title='bbox 1911 2599 2206 2652; x_wconf 76' lang='lat' dir='ltr'><strong>feminarum</strong></span> <span class='ocrx_word' id='word_1_326' title='bbox 2225 2598 2465 2650; x_wconf 76' lang='lat' dir='ltr'><strong>sedilibus</strong></span> <span class='ocrx_word' id='word_1_327' title='bbox 2483 2613 2622 2649; x_wconf 81' lang='lat' dir='ltr'><strong>eom·</strong></span> 
     </span>
     <span class='ocr_line' id='line_1_55' title="bbox 1607 2681 2616 2750; baseline -0.005 -12"><span class='ocrx_word' id='word_1_328' title='bbox 1607 2685 1912 2739; x_wconf 68' lang='lat' dir='ltr'><strong>modim-ibus</strong></span> <span class='ocrx_word' id='word_1_329' title='bbox 1939 2695 1992 2737; x_wconf 88' lang='lat' dir='ltr'><strong>et</strong></span> <span class='ocrx_word' id='word_1_330' title='bbox 2015 2683 2356 2750; x_wconf 81' lang='lat' dir='ltr'><strong>mollioribus3</strong></span> <span class='ocrx_word' id='word_1_331' title='bbox 2395 2681 2616 2734; x_wconf 85' lang='lat' dir='ltr'><strong>Martial.</strong></span> 
     </span>
     <span class='ocr_line' id='line_1_56' title="bbox 1607 2765 2621 2834; baseline -0.006 -14"><span class='ocrx_word' id='word_1_332' title='bbox 1607 2770 1708 2834; x_wconf 90' lang='lat'><strong>111,</strong></span> <span class='ocrx_word' id='word_1_333' title='bbox 1731 2781 1816 2828; x_wconf 77' lang='lat'><strong>03,</strong></span> <span class='ocrx_word' id='word_1_334' title='bbox 1841 2781 1868 2820; x_wconf 80' lang='lat'><strong>&#39;1</strong></span> <span class='ocrx_word' id='word_1_335' title='bbox 1890 2787 1901 2817; x_wconf 97' lang='lat'><strong>:</strong></span> <span class='ocrx_word' id='word_1_336' title='bbox 1931 2787 1958 2814; x_wconf 73' lang='grc' dir='ltr'><strong>α</strong></span> <span class='ocrx_word' id='word_1_337' title='bbox 1979 2768 2121 2818; x_wconf 86' lang='lat' dir='ltr'><strong>Inter</strong></span> <span class='ocrx_word' id='word_1_338' title='bbox 2145 2767 2384 2818; x_wconf 79' lang='lat' dir='ltr'><strong>femineas</strong></span> <span class='ocrx_word' id='word_1_339' title='bbox 2405 2773 2504 2816; x_wconf 81' lang='lat' dir='ltr'><strong>tota</strong></span> <span class='ocrx_word' id='word_1_340' title='bbox 2529 2765 2621 2832; x_wconf 87' lang='lat' dir='ltr'><strong>qui</strong></span> 
     </span>
     <span class='ocr_line' id='line_1_57' title="bbox 1609 2847 2622 2914; baseline -0.006 -11"><span class='ocrx_word' id='word_1_341' title='bbox 1609 2854 1716 2905; x_wconf 87' lang='lat' dir='ltr'><strong>luce</strong></span> <span class='ocrx_word' id='word_1_342' title='bbox 1737 2854 1992 2904; x_wconf 72' lang='lat' dir='ltr'><strong>oethedms</strong></span> <span class='ocrx_word' id='word_1_343' title='bbox 2015 2850 2237 2902; x_wconf 69' lang='lat' dir='ltr'><strong>Desidet.</strong></span> <span class='ocrx_word' id='word_1_344' title='bbox 2261 2869 2288 2898; x_wconf 65' lang='grc' dir='ltr'><strong>ω</strong></span> <span class='ocrx_word' id='word_1_345' title='bbox 2313 2848 2394 2900; x_wconf 85' lang='lat' dir='ltr'><strong>Ad</strong></span> <span class='ocrx_word' id='word_1_346' title='bbox 2409 2847 2622 2914; x_wconf 67' lang='lat' dir='ltr'><strong>discipu-</strong></span> 
     </span>
     <span class='ocr_line' id='line_1_58' title="bbox 1605 2933 2624 3001; baseline -0.007 -13"><span class='ocrx_word' id='word_1_347' title='bbox 1605 2939 1678 2989; x_wconf 77' lang='lat' dir='ltr'><strong>las</strong></span> <span class='ocrx_word' id='word_1_348' title='bbox 1731 2933 2046 2989; x_wconf 75' lang='lat' dir='ltr'><strong>Heindorflus</strong></span> <span class='ocrx_word' id='word_1_349' title='bbox 2094 2934 2375 2987; x_wconf 73' lang='lat' dir='ltr'><strong>referendos</strong></span> <span class='ocrx_word' id='word_1_350' title='bbox 2431 2947 2624 3001; x_wconf 85' lang='lat' dir='ltr'><strong>quoque</strong></span> 
     </span>
     <span class='ocr_line' id='line_1_59' title="bbox 1606 3018 2624 3086; baseline -0.007 -14"><span class='ocrx_word' id='word_1_351' title='bbox 1606 3032 1772 3074; x_wconf 76' lang='lat' dir='ltr'><strong>censet</strong></span> <span class='ocrx_word' id='word_1_352' title='bbox 1819 3019 1872 3072; x_wconf 90' lang='lat' dir='ltr'><strong>in</strong></span> <span class='ocrx_word' id='word_1_353' title='bbox 1924 3036 2100 3086; x_wconf 77' lang='lat' dir='ltr'><strong>genere</strong></span> <span class='ocrx_word' id='word_1_354' title='bbox 2147 3018 2390 3070; x_wconf 79' lang='lat' dir='ltr'><strong>feminino</strong></span> <span class='ocrx_word' id='word_1_355' title='bbox 2433 3031 2624 3086; x_wconf 69' lang='lat' dir='ltr'><strong>pueros</strong></span> 
     </span>
     <span class='ocr_line' id='line_1_60' title="bbox 1607 3101 2620 3174; baseline -0.008 -17"><span class='ocrx_word' id='word_1_356' title='bbox 1607 3107 1782 3158; x_wconf 78' lang='lat' dir='ltr'><strong>molles</strong></span> <span class='ocrx_word' id='word_1_357' title='bbox 1815 3119 1863 3156; x_wconf 79' lang='lat' dir='ltr'><strong>et</strong></span> <span class='ocrx_word' id='word_1_358' title='bbox 1891 3103 2140 3174; x_wconf 71' lang='lat' dir='ltr'><strong>pathicus,</strong></span> <span class='ocrx_word' id='word_1_359' title='bbox 2157 3131 2227 3141; x_wconf 91' lang='lat'>—</span> <span class='ocrx_word' id='word_1_360' title='bbox 2247 3101 2314 3161; x_wconf 90' lang='lat' dir='ltr'><strong>I,</strong></span> <span class='ocrx_word' id='word_1_361' title='bbox 2339 3117 2494 3170; x_wconf 73' lang='lat' dir='ltr'><strong>puer,</strong></span> <span class='ocrx_word' id='word_1_362' title='bbox 2523 3108 2620 3150; x_wconf 80' lang='lat' dir='ltr'><strong>etc.</strong></span> 
     </span>
     <span class='ocr_line' id='line_1_61' title="bbox 1609 3181 2624 3256; baseline -0.009 -15"><span class='ocrx_word' id='word_1_363' title='bbox 1609 3190 1638 3240; x_wconf 86' lang='lat' dir='ltr'><strong>J</strong></span> <span class='ocrx_word' id='word_1_364' title='bbox 1645 3192 1762 3241; x_wconf 86' lang='lat' dir='ltr'><strong>ubet</strong></span> <span class='ocrx_word' id='word_1_365' title='bbox 1787 3204 1992 3256; x_wconf 85' lang='lat' dir='ltr'><strong>puerum</strong></span> <span class='ocrx_word' id='word_1_366' title='bbox 2017 3187 2214 3238; x_wconf 70' lang='lat' dir='ltr'><strong>dictatae</strong></span> <span class='ocrx_word' id='word_1_367' title='bbox 2241 3183 2416 3235; x_wconf 72' lang='lat' dir='ltr'><strong>Satine</strong></span> <span class='ocrx_word' id='word_1_368' title='bbox 2455 3181 2624 3232; x_wconf 75' lang='lat' dir='ltr'><strong>statim</strong></span> 
     </span>
     <span class='ocr_line' id='line_1_62' title="bbox 1608 3265 2624 3342; baseline -0.009 -15"><span class='ocrx_word' id='word_1_369' title='bbox 1608 3275 1818 3342; x_wconf 80' lang='lat' dir='ltr'><strong>adjicere</strong></span> <span class='ocrx_word' id='word_1_370' title='bbox 1849 3274 1997 3324; x_wconf 65' lang='lat' dir='ltr'><strong>verba</strong></span> <span class='ocrx_word' id='word_1_371' title='bbox 2017 3311 2032 3338; x_wconf 89' lang='lat'><strong>,</strong></span> <span class='ocrx_word' id='word_1_372' title='bbox 2064 3269 2246 3340; x_wconf 83' lang='lat' dir='ltr'><strong>quibus</strong></span> <span class='ocrx_word' id='word_1_373' title='bbox 2271 3267 2510 3319; x_wconf 74' lang='lat' dir='ltr'><strong>valedixit</strong></span> <span class='ocrx_word' id='word_1_374' title='bbox 2525 3265 2624 3318; x_wconf 84' lang='lat' dir='ltr'><strong>Ti-</strong></span> 
     </span>
     <span class='ocr_line' id='line_1_63' title="bbox 1607 3348 2620 3426; baseline -0.013 -15"><span class='ocrx_word' id='word_1_375' title='bbox 1607 3359 1752 3424; x_wconf 80' lang='lat' dir='ltr'><strong>gellio</strong></span> <span class='ocrx_word' id='word_1_376' title='bbox 1770 3367 1916 3426; x_wconf 85' lang='lat' dir='ltr'><strong>atque</strong></span> <span class='ocrx_word' id='word_1_377' title='bbox 1931 3352 2202 3408; x_wconf 87' lang='lat' dir='ltr'><strong>Demetrio.</strong></span> <span class='ocrx_word' id='word_1_378' title='bbox 2243 3350 2408 3402; x_wconf 80' lang='lat' dir='ltr'><strong>Schol.</strong></span> <span class='ocrx_word' id='word_1_379' title='bbox 2432 3348 2620 3416; x_wconf 70' lang='lat' dir='ltr'><strong>Pon-ph.</strong></span> 
     </span>
     <span class='ocr_line' id='line_1_64' title="bbox 1611 3437 2623 3512; baseline -0.007 -24"><span class='ocrx_word' id='word_1_380' title='bbox 1611 3461 1638 3488; x_wconf 80' lang='grc' dir='ltr'><strong>α</strong></span> <span class='ocrx_word' id='word_1_381' title='bbox 1659 3439 1952 3512; x_wconf 83' lang='lat' dir='ltr'><strong>Eleganter,</strong></span> <span class='ocrx_word' id='word_1_382' title='bbox 1993 3438 2136 3507; x_wconf 78' lang='lat' dir='ltr'><strong>quasi</strong></span> <span class='ocrx_word' id='word_1_383' title='bbox 2173 3437 2267 3488; x_wconf 84' lang='lat' dir='ltr'><strong>hoc</strong></span> <span class='ocrx_word' id='word_1_384' title='bbox 2299 3451 2366 3486; x_wconf 84' lang='lat' dir='ltr'><strong>ex</strong></span> <span class='ocrx_word' id='word_1_385' title='bbox 2403 3443 2623 3500; x_wconf 86' lang='lat' dir='ltr'><strong>tempore</strong></span> 
     </span>
     <span class='ocr_line' id='line_1_65' title="bbox 1605 3515 2628 3592; baseline -0.01 -17"><span class='ocrx_word' id='word_1_386' title='bbox 1605 3525 1790 3576; x_wconf 84' lang='lat' dir='ltr'><strong>dixerit</strong></span> <span class='ocrx_word' id='word_1_387' title='bbox 1805 3563 1820 3586; x_wconf 88' lang='lat'>‚</span> <span class='ocrx_word' id='word_1_388' title='bbox 1860 3524 2084 3592; x_wconf 65' lang='lat' dir='ltr'><strong>praecipit</strong></span> <span class='ocrx_word' id='word_1_389' title='bbox 2109 3537 2264 3590; x_wconf 83' lang='lat' dir='ltr'><strong>puero</strong></span> <span class='ocrx_word' id='word_1_390' title='bbox 2283 3555 2297 3579; x_wconf 90' lang='lat'>‚</span> <span class='ocrx_word' id='word_1_391' title='bbox 2321 3529 2377 3570; x_wconf 88' lang='lat' dir='ltr'><strong>ut</strong></span> <span class='ocrx_word' id='word_1_392' title='bbox 2397 3519 2448 3568; x_wconf 90' lang='lat' dir='ltr'><strong>in</strong></span> <span class='ocrx_word' id='word_1_393' title='bbox 2472 3515 2628 3568; x_wconf 66' lang='lat' dir='ltr'><strong>libel-</strong></span> 
     </span>
     <span class='ocr_line' id='line_1_66' title="bbox 1604 3596 2618 3674; baseline -0.011 -15"><span class='ocrx_word' id='word_1_394' title='bbox 1604 3609 1706 3665; x_wconf 83' lang='lat' dir='ltr'><strong>lum</strong></span> <span class='ocrx_word' id='word_1_395' title='bbox 1746 3609 1886 3658; x_wconf 75' lang='lat' dir='ltr'><strong>stium</strong></span> <span class='ocrx_word' id='word_1_396' title='bbox 1913 3605 2000 3674; x_wconf 86' lang='lat' dir='ltr'><strong>(in</strong></span> <span class='ocrx_word' id='word_1_397' title='bbox 2035 3607 2164 3656; x_wconf 85' lang='lat' dir='ltr'><strong>hanc</strong></span> <span class='ocrx_word' id='word_1_398' title='bbox 2194 3619 2338 3655; x_wconf 76' lang='lat' dir='ltr'><strong>enam</strong></span> <span class='ocrx_word' id='word_1_399' title='bbox 2375 3596 2618 3665; x_wconf 77' lang='lat' dir='ltr'><strong>Sauram)</strong></span> 
     </span>
     <span class='ocr_line' id='line_1_67' title="bbox 1607 3691 2624 3757; baseline -0.009 -15"><span class='ocrx_word' id='word_1_400' title='bbox 1607 3691 1726 3742; x_wconf 87' lang='lat' dir='ltr'><strong>illud</strong></span> <span class='ocrx_word' id='word_1_401' title='bbox 1745 3691 1983 3756; x_wconf 80' lang='lat' dir='ltr'><strong>conserat,</strong></span> <span class='ocrx_word' id='word_1_402' title='bbox 1999 3707 2062 3741; x_wconf 89' lang='lat' dir='ltr'><strong>ne</strong></span> <span class='ocrx_word' id='word_1_403' title='bbox 2082 3696 2253 3757; x_wconf 82' lang='lat' dir='ltr'><strong>pereat</strong></span> <span class='ocrx_word' id='word_1_404' title='bbox 2273 3698 2371 3739; x_wconf 79' lang='lat' dir='ltr'><strong>tam</strong></span> <span class='ocrx_word' id='word_1_405' title='bbox 2389 3691 2624 3752; x_wconf 82' lang='lat' dir='ltr'><strong>opportu-</strong></span> 
     </span>
     <span class='ocr_line' id='line_1_68' title="bbox 1607 3767 2622 3841; baseline -0.008 -15"><span class='ocrx_word' id='word_1_406' title='bbox 1607 3792 1727 3828; x_wconf 84' lang='lat' dir='ltr'><strong>num</strong></span> <span class='ocrx_word' id='word_1_407' title='bbox 1749 3784 1801 3826; x_wconf 88' lang='lat' dir='ltr'><strong>et</strong></span> <span class='ocrx_word' id='word_1_408' title='bbox 1826 3791 2091 3841; x_wconf 78' lang='lat' dir='ltr'><strong>congruum</strong></span> <span class='ocrx_word' id='word_1_409' title='bbox 2117 3775 2172 3827; x_wconf 84' lang='lat' dir='ltr'><strong>in</strong></span> <span class='ocrx_word' id='word_1_410' title='bbox 2195 3771 2524 3824; x_wconf 76' lang='lat' dir='ltr'><strong>modulatores</strong></span> <span class='ocrx_word' id='word_1_411' title='bbox 2541 3767 2622 3819; x_wconf 88' lang='lat' dir='ltr'><strong>di-</strong></span> 
     </span>
     <span class='ocr_line' id='line_1_69' title="bbox 1607 3853 2626 3914; baseline -0.008 -4"><span class='ocrx_word' id='word_1_412' title='bbox 1607 3867 1759 3910; x_wconf 81' lang='lat' dir='ltr'><strong>ctum.</strong></span> <span class='ocrx_word' id='word_1_413' title='bbox 1787 3878 1813 3906; x_wconf 78' lang='lat' dir='ltr'><strong>n</strong></span> <span class='ocrx_word' id='word_1_414' title='bbox 1838 3885 1908 3898; x_wconf 89' lang='lat'><strong>--</strong></span> <span class='ocrx_word' id='word_1_415' title='bbox 1921 3856 2184 3908; x_wconf 73' lang='lat' dir='ltr'><strong>subscr-ibe</strong></span> <span class='ocrx_word' id='word_1_416' title='bbox 2208 3855 2379 3908; x_wconf 71' lang='lat' dir='ltr'><strong>libelh</strong></span> <span class='ocrx_word' id='word_1_417' title='bbox 2395 3891 2413 3914; x_wconf 89' lang='lat'><em>‚</em></span> <span class='ocrx_word' id='word_1_418' title='bbox 2441 3853 2626 3906; x_wconf 71' lang='lat' dir='ltr'><strong>Satirae</strong></span> 
     </span>
     <span class='ocr_line' id='line_1_70' title="bbox 1607 3940 2286 4009; baseline -0.006 -15"><span class='ocrx_word' id='word_1_419' title='bbox 1607 3950 1794 4009; x_wconf 68' lang='lat' dir='ltr'><strong>quarta</strong></span> <span class='ocrx_word' id='word_1_420' title='bbox 1821 3941 1874 3993; x_wconf 89' lang='lat' dir='ltr'><strong>in</strong></span> <span class='ocrx_word' id='word_1_421' title='bbox 1895 3941 2160 3994; x_wconf 80' lang='lat' dir='ltr'><strong>Lucilium.</strong></span> <span class='ocrx_word' id='word_1_422' title='bbox 2189 3940 2286 3992; x_wconf 83' lang='lat' dir='ltr'><strong>En.</strong></span> 
     </span>
    </p>
   </div>
  </div>
 </body>
</html>
