<?xml version="1.0" encoding="UTF-8"?>
<!DOCTYPE html PUBLIC "-//W3C//DTD XHTML 1.0 Transitional//EN"
    "http://www.w3.org/TR/xhtml1/DTD/xhtml1-transitional.dtd">
<html xmlns="http://www.w3.org/1999/xhtml" xml:lang="en" lang="en">
 <head>
  <title>
</title>
<meta http-equiv="Content-Type" content="text/html;charset=utf-8" />
  <meta name='ocr-system' content='tesseract 3.04.00' />
  <meta name='ocr-capabilities' content='ocr_page ocr_carea ocr_par ocr_line ocrx_word'/>
</head>
<body>
  <div class='ocr_page' id='page_1' title='image "./quintushoratius02lemagoog_0288.png"; bbox 0 0 3000 4684; ppageno 0'>
   <div class='ocr_carea' id='block_1_1' title="bbox 506 326 644 397">
    <p class='ocr_par' dir='ltr' id='par_1_1' title="bbox 506 326 644 397">
     <span class='ocr_line' id='line_1_1' title="bbox 506 326 644 397; baseline -0.007 0"><span class='ocrx_word' id='word_1_1' title='bbox 506 326 644 397; x_wconf 77' lang='lat'>262</span> 
     </span>
    </p>
   </div>
   <div class='ocr_carea' id='block_1_2' title="bbox 1071 328 2023 415">
    <p class='ocr_par' dir='ltr' id='par_1_2' title="bbox 1071 328 2023 415">
     <span class='ocr_line' id='line_1_2' title="bbox 1071 328 2023 415; baseline 0.002 -20"><span class='ocrx_word' id='word_1_2' title='bbox 1071 328 1156 415; x_wconf 88' lang='lat' dir='ltr'>Q.</span> <span class='ocrx_word' id='word_1_3' title='bbox 1209 328 1626 397; x_wconf 74' lang='lat' dir='ltr'>nonATn</span> <span class='ocrx_word' id='word_1_4' title='bbox 1676 329 2023 397; x_wconf 80' lang='lat' dir='ltr'>FLACCI</span> 
     </span>
    </p>
   </div>
   <div class='ocr_carea' id='block_1_3' title="bbox 497 458 2331 909">
    <p class='ocr_par' dir='ltr' id='par_1_3' title="bbox 497 458 2151 673">
     <span class='ocr_line' id='line_1_3' title="bbox 497 458 2129 559; baseline 0.002 -28"><span class='ocrx_word' id='word_1_5' title='bbox 497 462 625 531; x_wconf 90' lang='lat' dir='ltr'>Cui</span> <span class='ocrx_word' id='word_1_6' title='bbox 659 462 745 529; x_wconf 87' lang='lat' dir='ltr'>sit</span> <span class='ocrx_word' id='word_1_7' title='bbox 777 458 1076 531; x_wconf 85' lang='lat' dir='ltr'>conditio</span> <span class='ocrx_word' id='word_1_8' title='bbox 1113 462 1324 533; x_wconf 85' lang='lat' dir='ltr'>dulcis</span> <span class='ocrx_word' id='word_1_9' title='bbox 1359 463 1505 533; x_wconf 89' lang='lat' dir='ltr'>sine</span> <span class='ocrx_word' id='word_1_10' title='bbox 1538 461 1811 558; x_wconf 84' lang='lat' dir='ltr'>pulvere</span> <span class='ocrx_word' id='word_1_11' title='bbox 1846 463 2129 559; x_wconf 76' lang='lat' dir='ltr'>palmae?</span> 
     </span>
     <span class='ocr_line' id='line_1_4' title="bbox 499 575 2151 673; baseline 0.004 -27"><span class='ocrx_word' id='word_1_12' title='bbox 499 575 714 649; x_wconf 86' lang='lat' dir='ltr'>Vilius</span> <span class='ocrx_word' id='word_1_13' title='bbox 747 596 1097 673; x_wconf 85' lang='lat' dir='ltr'>argeutum</span> <span class='ocrx_word' id='word_1_14' title='bbox 1131 594 1232 649; x_wconf 88' lang='lat' dir='ltr'>est</span> <span class='ocrx_word' id='word_1_15' title='bbox 1267 606 1468 672; x_wconf 82' lang='lat' dir='ltr'>auro,</span> <span class='ocrx_word' id='word_1_16' title='bbox 1502 582 1861 653; x_wconf 82' lang='lat' dir='ltr'>virtutihus</span> <span class='ocrx_word' id='word_1_17' title='bbox 1892 608 2151 653; x_wconf 75' lang='lat' dir='ltr'>aurum.</span> 
     </span>
    </p>

    <p class='ocr_par' dir='ltr' id='par_1_4' title="bbox 497 697 2331 909">
     <span class='ocr_line' id='line_1_5' title="bbox 596 697 2322 797; baseline 0.005 -31"><span class='ocrx_word' id='word_1_18' title='bbox 596 698 661 766; x_wconf 92' lang='lat' dir='ltr'>O</span> <span class='ocrx_word' id='word_1_19' title='bbox 692 698 898 789; x_wconf 72' lang='lat' dir='ltr'>civeS,</span> <span class='ocrx_word' id='word_1_20' title='bbox 927 697 1136 771; x_wconf 77' lang='lat' dir='ltr'>cives!</span> <span class='ocrx_word' id='word_1_21' title='bbox 1168 699 1526 795; x_wconf 67' lang='lat' dir='ltr'>quaerenda</span> <span class='ocrx_word' id='word_1_22' title='bbox 1552 704 1838 797; x_wconf 83' lang='lat' dir='ltr'>pecunia</span> <span class='ocrx_word' id='word_1_23' title='bbox 1866 703 2159 797; x_wconf 79' lang='lat' dir='ltr'>primum</span> <span class='ocrx_word' id='word_1_24' title='bbox 2191 720 2322 795; x_wconf 82' lang='lat' dir='ltr'>est,</span> 
     </span>
     <span class='ocr_line' id='line_1_6' title="bbox 497 815 2331 909; baseline 0.005 -27"><span class='ocrx_word' id='word_1_25' title='bbox 497 815 730 884; x_wconf 79' lang='lat' dir='ltr'>Virtus</span> <span class='ocrx_word' id='word_1_26' title='bbox 755 831 910 909; x_wconf 87' lang='lat' dir='ltr'>post</span> <span class='ocrx_word' id='word_1_27' title='bbox 937 817 1282 891; x_wconf 75' lang='lat' dir='ltr'>nummos!</span> <span class='ocrx_word' id='word_1_28' title='bbox 1316 818 1464 889; x_wconf 74' lang='lat' dir='ltr'>haec</span> <span class='ocrx_word' id='word_1_29' title='bbox 1488 823 1693 892; x_wconf 76' lang='lat' dir='ltr'>Ianus</span> <span class='ocrx_word' id='word_1_30' title='bbox 1720 846 2015 893; x_wconf 78' lang='lat' dir='ltr'>summus</span> <span class='ocrx_word' id='word_1_31' title='bbox 2040 822 2128 893; x_wconf 75' lang='lat' dir='ltr'>ab</span> <span class='ocrx_word' id='word_1_32' title='bbox 2156 825 2298 893; x_wconf 81' lang='lat' dir='ltr'>imo</span> <span class='ocrx_word' id='word_1_33' title='bbox 2326 876 2331 879; x_wconf 87' lang='lat'>-</span> 
     </span>
    </p>
   </div>
   <div class='ocr_carea' id='block_1_4' title="bbox 497 933 2333 1036">
    <p class='ocr_par' dir='ltr' id='par_1_5' title="bbox 497 933 2333 1036">
     <span class='ocr_line' id='line_1_7' title="bbox 497 933 2333 1036; baseline 0.005 -35"><span class='ocrx_word' id='word_1_34' title='bbox 497 933 861 1004; x_wconf 86' lang='lat' dir='ltr'>Perdocet:</span> <span class='ocrx_word' id='word_1_35' title='bbox 901 934 1044 1005; x_wconf 75' lang='lat' dir='ltr'>haec</span> <span class='ocrx_word' id='word_1_36' title='bbox 1069 938 1382 1008; x_wconf 84' lang='lat' dir='ltr'>recinunt</span> <span class='ocrx_word' id='word_1_37' title='bbox 1399 938 1679 1033; x_wconf 82' lang='lat' dir='ltr'>juvenes</span> <span class='ocrx_word' id='word_1_38' title='bbox 1704 940 1958 1012; x_wconf 83' lang='lat' dir='ltr'>dictata</span> <span class='ocrx_word' id='word_1_39' title='bbox 1984 966 2333 1036; x_wconf 73' lang='lat' dir='ltr'>senesque,</span> 
     </span>
    </p>
   </div>
   <div class='ocr_carea' id='block_1_5' title="bbox 2516 940 2591 999">
    <p class='ocr_par' dir='ltr' id='par_1_6' title="bbox 2516 940 2591 999">
     <span class='ocr_line' id='line_1_8' title="bbox 2516 940 2591 999; baseline 0 0"><span class='ocrx_word' id='word_1_40' title='bbox 2516 940 2591 999; x_wconf 78' lang='lat'>55</span> 
     </span>
    </p>
   </div>
   <div class='ocr_carea' id='block_1_6' title="bbox 498 1053 2061 1154">
    <p class='ocr_par' dir='ltr' id='par_1_7' title="bbox 498 1053 2061 1154">
     <span class='ocr_line' id='line_1_9' title="bbox 498 1053 2061 1154; baseline 0.006 -33"><span class='ocrx_word' id='word_1_41' title='bbox 498 1054 698 1123; x_wconf 83' lang='lat' dir='ltr'>Laevo</span> <span class='ocrx_word' id='word_1_42' title='bbox 727 1055 1028 1149; x_wconf 77' lang='lat' dir='ltr'>suspensi</span> <span class='ocrx_word' id='word_1_43' title='bbox 1053 1053 1306 1127; x_wconf 86' lang='lat' dir='ltr'>loculos</span> <span class='ocrx_word' id='word_1_44' title='bbox 1333 1056 1762 1154; x_wconf 74' lang='lat' dir='ltr'>tabulamque</span> <span class='ocrx_word' id='word_1_45' title='bbox 1792 1058 2061 1133; x_wconf 82' lang='lat' dir='ltr'>lacerto.</span> 
     </span>
    </p>
   </div>
   <div class='ocr_carea' id='block_1_7' title="bbox 437 1243 1509 1902">
    <p class='ocr_par' dir='ltr' id='par_1_8' title="bbox 437 1243 1509 1902">
     <span class='ocr_line' id='line_1_10' title="bbox 497 1243 1507 1315; baseline 0.005 -20"><span class='ocrx_word' id='word_1_46' title='bbox 497 1243 598 1296; x_wconf 71' lang='lat' dir='ltr'>vid.</span> <span class='ocrx_word' id='word_1_47' title='bbox 633 1244 918 1300; x_wconf 75' lang='lat' dir='ltr'>Hemsterh.</span> <span class='ocrx_word' id='word_1_48' title='bbox 952 1248 1015 1299; x_wconf 86' lang='lat' dir='ltr'>ad</span> <span class='ocrx_word' id='word_1_49' title='bbox 1051 1248 1258 1300; x_wconf 86' lang='lat' dir='ltr'>Lucian.</span> <span class='ocrx_word' id='word_1_50' title='bbox 1289 1260 1408 1300; x_wconf 85' lang='lat' dir='ltr'>tom.</span> <span class='ocrx_word' id='word_1_51' title='bbox 1443 1248 1470 1300; x_wconf 92' lang='lat'>1</span> <span class='ocrx_word' id='word_1_52' title='bbox 1489 1284 1507 1315; x_wconf 91' lang='lat'><strong>,</strong></span> 
     </span>
     <span class='ocr_line' id='line_1_11' title="bbox 497 1330 1503 1403; baseline 0.005 -24"><span class='ocrx_word' id='word_1_53' title='bbox 497 1344 550 1396; x_wconf 86' lang='lat' dir='ltr'>p.</span> <span class='ocrx_word' id='word_1_54' title='bbox 584 1340 708 1382; x_wconf 74' lang='grc'><strong>538.</strong></span> <span class='ocrx_word' id='word_1_55' title='bbox 729 1360 798 1369; x_wconf 91' lang='grc'>-</span> <span class='ocrx_word' id='word_1_56' title='bbox 815 1330 920 1382; x_wconf 80' lang='lat' dir='ltr'>cui</span> <span class='ocrx_word' id='word_1_57' title='bbox 947 1333 1014 1383; x_wconf 73' lang='lat' dir='ltr'>sit</span> <span class='ocrx_word' id='word_1_58' title='bbox 1039 1330 1258 1384; x_wconf 74' lang='lat' dir='ltr'>conditio</span> <span class='ocrx_word' id='word_1_59' title='bbox 1271 1334 1464 1403; x_wconf 81' lang='lat' dir='ltr'><em>palmoe</em></span> <span class='ocrx_word' id='word_1_60' title='bbox 1484 1368 1503 1392; x_wconf 88' lang='lat'><em>,</em></span> 
     </span>
     <span class='ocr_line' id='line_1_12' title="bbox 495 1413 1509 1485; baseline 0.005 -22"><span class='ocrx_word' id='word_1_61' title='bbox 495 1413 574 1464; x_wconf 85' lang='lat' dir='ltr'>cui</span> <span class='ocrx_word' id='word_1_62' title='bbox 600 1414 667 1465; x_wconf 73' lang='lat' dir='ltr'>rit</span> <span class='ocrx_word' id='word_1_63' title='bbox 693 1416 996 1483; x_wconf 79' lang='lat' dir='ltr'>propositum</span> <span class='ocrx_word' id='word_1_64' title='bbox 1017 1417 1158 1468; x_wconf 86' lang='lat' dir='ltr'>dulce</span> <span class='ocrx_word' id='word_1_65' title='bbox 1185 1416 1357 1483; x_wconf 78' lang='lat' dir='ltr'>palmae</span> <span class='ocrx_word' id='word_1_66' title='bbox 1377 1434 1509 1485; x_wconf 84' lang='lat' dir='ltr'>prae·</span> 
     </span>
     <span class='ocr_line' id='line_1_13' title="bbox 437 1496 1505 1567; baseline 0.006 -21"><span class='ocrx_word' id='word_1_67' title='bbox 437 1540 454 1555; x_wconf 83' lang='grc'><strong><em>,</em></strong></span> <span class='ocrx_word' id='word_1_68' title='bbox 500 1496 684 1558; x_wconf 79' lang='lat' dir='ltr'>mium,</span> <span class='ocrx_word' id='word_1_69' title='bbox 715 1499 825 1547; x_wconf 76' lang='lat' dir='ltr'>sine</span> <span class='ocrx_word' id='word_1_70' title='bbox 847 1500 1093 1567; x_wconf 77' lang='lat' dir='ltr'>pulvere,</span> <span class='ocrx_word' id='word_1_71' title='bbox 1133 1498 1290 1565; x_wconf 76' lang='lat' dir='ltr'>(Plin.</span> <span class='ocrx_word' id='word_1_72' title='bbox 1331 1498 1400 1551; x_wconf 78' lang='lat' dir='ltr'>fl.</span> <span class='ocrx_word' id='word_1_73' title='bbox 1431 1498 1505 1552; x_wconf 76' lang='lat' dir='ltr'>N.</span> 
     </span>
     <span class='ocr_line' id='line_1_14' title="bbox 501 1580 1507 1651; baseline 0.004 -20"><span class='ocrx_word' id='word_1_74' title='bbox 501 1580 731 1632; x_wconf 73' lang='lat' dir='ltr'>XXXV:</span> <span class='ocrx_word' id='word_1_75' title='bbox 777 1594 836 1633; x_wconf 77' lang='lat' dir='ltr'>n</span> <span class='ocrx_word' id='word_1_76' title='bbox 872 1603 885 1635; x_wconf 72' lang='grc' dir='ltr'><strong><em>ε</em></strong></span> <span class='ocrx_word' id='word_1_77' title='bbox 932 1603 960 1631; x_wconf 76' lang='grc' dir='ltr'><strong>α</strong></span> <span class='ocrx_word' id='word_1_78' title='bbox 981 1582 1122 1635; x_wconf 87' lang='lat' dir='ltr'>Citra</span> <span class='ocrx_word' id='word_1_79' title='bbox 1148 1582 1364 1651; x_wconf 78' lang='lat' dir='ltr'>pulveris</span> <span class='ocrx_word' id='word_1_80' title='bbox 1399 1595 1507 1635; x_wconf 85' lang='lat' dir='ltr'>tac-</span> 
     </span>
     <span class='ocr_line' id='line_1_15' title="bbox 498 1665 1504 1735; baseline 0.002 -20"><span class='ocrx_word' id='word_1_81' title='bbox 498 1673 602 1717; x_wconf 82' lang='lat' dir='ltr'>tum</span> <span class='ocrx_word' id='word_1_82' title='bbox 619 1704 635 1731; x_wconf 88' lang='lat'><strong>,</strong></span> <span class='ocrx_word' id='word_1_83' title='bbox 663 1666 794 1735; x_wconf 86' lang='lat' dir='ltr'>quod</span> <span class='ocrx_word' id='word_1_84' title='bbox 811 1677 988 1719; x_wconf 71' lang='lat' dir='ltr'>vomat</span> <span class='ocrx_word' id='word_1_85' title='bbox 1005 1665 1199 1719; x_wconf 67' lang='grc' dir='ltr'>ἀκονιτί.</span> <span class='ocrx_word' id='word_1_86' title='bbox 1219 1688 1247 1716; x_wconf 71' lang='lat'>2»</span> <span class='ocrx_word' id='word_1_87' title='bbox 1270 1666 1406 1721; x_wconf 82' lang='lat' dir='ltr'>Geli.</span> <span class='ocrx_word' id='word_1_88' title='bbox 1429 1666 1504 1729; x_wconf 85' lang='lat' dir='ltr'>V,</span> 
     </span>
     <span class='ocr_line' id='line_1_16' title="bbox 503 1748 1508 1817; baseline 0.005 -18"><span class='ocrx_word' id='word_1_89' title='bbox 503 1758 562 1799; x_wconf 71' lang='grc' dir='ltr'>οε</span> <span class='ocrx_word' id='word_1_90' title='bbox 591 1768 618 1797; x_wconf 81' lang='grc' dir='ltr'>ιι</span> <span class='ocrx_word' id='word_1_91' title='bbox 641 1750 761 1802; x_wconf 85' lang='lat' dir='ltr'>Sine</span> <span class='ocrx_word' id='word_1_92' title='bbox 783 1748 981 1817; x_wconf 74' lang='lat' dir='ltr'>pulvere</span> <span class='ocrx_word' id='word_1_93' title='bbox 998 1788 1014 1813; x_wconf 91' lang='lat'><strong>‚</strong></span> <span class='ocrx_word' id='word_1_94' title='bbox 1041 1760 1096 1801; x_wconf 90' lang='lat' dir='ltr'>ut</span> <span class='ocrx_word' id='word_1_95' title='bbox 1117 1751 1213 1803; x_wconf 85' lang='lat' dir='ltr'>dici</span> <span class='ocrx_word' id='word_1_96' title='bbox 1237 1750 1385 1813; x_wconf 76' lang='lat' dir='ltr'>solet,</span> <span class='ocrx_word' id='word_1_97' title='bbox 1423 1753 1508 1804; x_wconf 85' lang='lat' dir='ltr'>in-</span> 
     </span>
     <span class='ocr_line' id='line_1_17' title="bbox 497 1832 1507 1902; baseline 0.004 -20"><span class='ocrx_word' id='word_1_98' title='bbox 497 1841 794 1900; x_wconf 79' lang='lat' dir='ltr'>cruentaque</span> <span class='ocrx_word' id='word_1_99' title='bbox 814 1832 1018 1884; x_wconf 74' lang='lat' dir='ltr'>victoria</span> <span class='ocrx_word' id='word_1_100' title='bbox 1037 1832 1098 1901; x_wconf 69' lang='lat' dir='ltr'>n)</span> <span class='ocrx_word' id='word_1_101' title='bbox 1125 1832 1177 1884; x_wconf 82' lang='lat' dir='ltr'>h.</span> <span class='ocrx_word' id='word_1_102' title='bbox 1213 1850 1260 1883; x_wconf 88' lang='lat' dir='ltr'>e.</span> <span class='ocrx_word' id='word_1_103' title='bbox 1284 1834 1392 1886; x_wconf 88' lang='lat' dir='ltr'>sine</span> <span class='ocrx_word' id='word_1_104' title='bbox 1411 1852 1507 1902; x_wconf 84' lang='lat' dir='ltr'>pu—</span> 
     </span>
    </p>
   </div>
   <div class='ocr_carea' id='block_1_8' title="bbox 1577 1249 2597 1906">
    <p class='ocr_par' dir='ltr' id='par_1_9' title="bbox 1577 1249 2597 1906">
     <span class='ocr_line' id='line_1_18' title="bbox 1579 1249 2593 1318; baseline 0.002 -19"><span class='ocrx_word' id='word_1_105' title='bbox 1579 1266 1717 1317; x_wconf 81' lang='lat' dir='ltr'>snpr.</span> <span class='ocrx_word' id='word_1_106' title='bbox 1746 1251 1808 1303; x_wconf 80' lang='lat' dir='ltr'>ad</span> <span class='ocrx_word' id='word_1_107' title='bbox 1834 1251 1942 1303; x_wconf 87' lang='lat' dir='ltr'>Sat.</span> <span class='ocrx_word' id='word_1_108' title='bbox 1970 1251 2046 1318; x_wconf 92' lang='lat'>11,</span> <span class='ocrx_word' id='word_1_109' title='bbox 2076 1254 2129 1317; x_wconf 83' lang='grc'>3,</span> <span class='ocrx_word' id='word_1_110' title='bbox 2162 1262 2261 1315; x_wconf 72' lang='lat'>183</span> <span class='ocrx_word' id='word_1_111' title='bbox 2298 1250 2351 1301; x_wconf 89' lang='lat' dir='ltr'>in</span> <span class='ocrx_word' id='word_1_112' title='bbox 2384 1249 2593 1303; x_wconf 88' lang='lat' dir='ltr'>lectione</span> 
     </span>
     <span class='ocr_line' id='line_1_19' title="bbox 1580 1331 2593 1403; baseline 0.002 -20"><span class='ocrx_word' id='word_1_113' title='bbox 1580 1331 1830 1387; x_wconf 78' lang='lat' dir='ltr'>Per-docet</span> <span class='ocrx_word' id='word_1_114' title='bbox 1842 1336 2038 1388; x_wconf 74' lang='lat' dir='ltr'>variant</span> <span class='ocrx_word' id='word_1_115' title='bbox 2057 1345 2177 1387; x_wconf 83' lang='lat' dir='ltr'>vett.</span> <span class='ocrx_word' id='word_1_116' title='bbox 2202 1334 2348 1386; x_wconf 86' lang='lat' dir='ltr'>librr.</span> <span class='ocrx_word' id='word_1_117' title='bbox 2369 1332 2455 1385; x_wconf 79' lang='lat' dir='ltr'>alii</span> <span class='ocrx_word' id='word_1_118' title='bbox 2471 1350 2593 1403; x_wconf 73' lang='lat' dir='ltr'>pro—</span> 
     </span>
     <span class='ocr_line' id='line_1_20' title="bbox 1577 1412 2589 1488; baseline 0.003 -22"><span class='ocrx_word' id='word_1_119' title='bbox 1577 1412 1749 1474; x_wconf 76' lang='lat' dir='ltr'>docet,</span> <span class='ocrx_word' id='word_1_120' title='bbox 1778 1418 1865 1469; x_wconf 85' lang='lat' dir='ltr'>alii</span> <span class='ocrx_word' id='word_1_121' title='bbox 1881 1416 2151 1488; x_wconf 78' lang='lat' dir='ltr'>proedocet.</span> <span class='ocrx_word' id='word_1_122' title='bbox 2176 1417 2406 1470; x_wconf 87' lang='lat' dir='ltr'>Lambin.</span> <span class='ocrx_word' id='word_1_123' title='bbox 2434 1415 2589 1487; x_wconf 79' lang='lat' dir='ltr'>cruq.</span> 
     </span>
     <span class='ocr_line' id='line_1_21' title="bbox 1578 1496 2597 1553; baseline 0.003 -5"><span class='ocrx_word' id='word_1_124' title='bbox 1578 1497 1743 1549; x_wconf 77' lang='lat' dir='ltr'>Bentl.</span> <span class='ocrx_word' id='word_1_125' title='bbox 1766 1498 1911 1552; x_wconf 82' lang='lat' dir='ltr'>Baxt.</span> <span class='ocrx_word' id='word_1_126' title='bbox 1951 1496 2110 1551; x_wconf 75' lang='lat' dir='ltr'>Gesn-</span> <span class='ocrx_word' id='word_1_127' title='bbox 2132 1511 2183 1553; x_wconf 88' lang='lat' dir='ltr'>et</span> <span class='ocrx_word' id='word_1_128' title='bbox 2204 1500 2304 1553; x_wconf 86' lang='lat' dir='ltr'>Fea</span> <span class='ocrx_word' id='word_1_129' title='bbox 2321 1499 2597 1553; x_wconf 76' lang='lat' dir='ltr'>defendunt</span> 
     </span>
     <span class='ocr_line' id='line_1_22' title="bbox 1579 1576 2595 1652; baseline 0.006 -23"><span class='ocrx_word' id='word_1_130' title='bbox 1579 1578 1827 1633; x_wconf 74' lang='lat' dir='ltr'>Pmdocet</span> <span class='ocrx_word' id='word_1_131' title='bbox 1856 1576 2180 1652; x_wconf 68' lang='grc' dir='ltr'>(ἐκδιδάσκει)</span> <span class='ocrx_word' id='word_1_132' title='bbox 2210 1584 2266 1635; x_wconf 78' lang='lat' dir='ltr'>h.</span> <span class='ocrx_word' id='word_1_133' title='bbox 2296 1600 2342 1636; x_wconf 83' lang='lat' dir='ltr'>e.</span> <span class='ocrx_word' id='word_1_134' title='bbox 2370 1580 2595 1651; x_wconf 84' lang='lat' dir='ltr'>publice,</span> 
     </span>
     <span class='ocr_line' id='line_1_23' title="bbox 1580 1662 2594 1735; baseline 0.001 -20"><span class='ocrx_word' id='word_1_135' title='bbox 1580 1662 1739 1733; x_wconf 80' lang='lat' dir='ltr'>palam</span> <span class='ocrx_word' id='word_1_136' title='bbox 1775 1665 1945 1729; x_wconf 86' lang='lat' dir='ltr'>docet,</span> <span class='ocrx_word' id='word_1_137' title='bbox 1986 1682 2101 1718; x_wconf 79' lang='lat' dir='ltr'>nam</span> <span class='ocrx_word' id='word_1_138' title='bbox 2136 1665 2381 1735; x_wconf 71' lang='lat' dir='ltr'>particulo</span> <span class='ocrx_word' id='word_1_139' title='bbox 2404 1682 2499 1735; x_wconf 75' lang='lat' dir='ltr'>pm</span> <span class='ocrx_word' id='word_1_140' title='bbox 2542 1664 2594 1716; x_wconf 85' lang='lat' dir='ltr'>in</span> 
     </span>
     <span class='ocr_line' id='line_1_24' title="bbox 1579 1748 2595 1821; baseline -0.001 -20"><span class='ocrx_word' id='word_1_141' title='bbox 1579 1748 1863 1817; x_wconf 77' lang='lat' dir='ltr'>compositis</span> <span class='ocrx_word' id='word_1_142' title='bbox 1888 1760 2025 1803; x_wconf 84' lang='lat' dir='ltr'>notat</span> <span class='ocrx_word' id='word_1_143' title='bbox 2058 1750 2164 1804; x_wconf 76' lang='lat' dir='ltr'>fere</span> <span class='ocrx_word' id='word_1_144' title='bbox 2186 1770 2197 1801; x_wconf 90' lang='lat'><strong>:</strong></span> <span class='ocrx_word' id='word_1_145' title='bbox 2221 1750 2378 1821; x_wconf 81' lang='lat' dir='ltr'>palam</span> <span class='ocrx_word' id='word_1_146' title='bbox 2399 1789 2413 1815; x_wconf 93' lang='lat'><strong>‚</strong></span> <span class='ocrx_word' id='word_1_147' title='bbox 2452 1750 2595 1811; x_wconf 78' lang='lat' dir='ltr'>foris,</span> 
     </span>
     <span class='ocr_line' id='line_1_25' title="bbox 1580 1831 2596 1906; baseline 0.004 -25"><span class='ocrx_word' id='word_1_148' title='bbox 1580 1831 1804 1899; x_wconf 86' lang='lat' dir='ltr'>publice,</span> <span class='ocrx_word' id='word_1_149' title='bbox 1828 1844 2026 1902; x_wconf 80' lang='lat' dir='ltr'>aperte,</span> <span class='ocrx_word' id='word_1_150' title='bbox 2058 1844 2117 1885; x_wconf 84' lang='lat' dir='ltr'>ut</span> <span class='ocrx_word' id='word_1_151' title='bbox 2134 1832 2418 1903; x_wconf 67' lang='lat' dir='ltr'>producere</span> <span class='ocrx_word' id='word_1_152' title='bbox 2436 1873 2452 1895; x_wconf 85' lang='lat'><em>,</em></span> <span class='ocrx_word' id='word_1_153' title='bbox 2473 1851 2596 1906; x_wconf 71' lang='lat' dir='ltr'>pm-</span> 
     </span>
    </p>
   </div>
   <div class='ocr_carea' id='block_1_9' title="bbox 497 1911 2119 1986">
    <p class='ocr_par' dir='ltr' id='par_1_10' title="bbox 497 1911 2119 1986">
     <span class='ocr_line' id='line_1_26' title="bbox 497 1911 2119 1986; baseline 0.002 -20"><span class='ocrx_word' id='word_1_154' title='bbox 497 1928 611 1979; x_wconf 76' lang='lat' dir='ltr'>gna,</span> <span class='ocrx_word' id='word_1_155' title='bbox 627 1931 656 1966; x_wconf 82' lang='lat' dir='ltr'>a</span> <span class='ocrx_word' id='word_1_156' title='bbox 673 1916 1000 1983; x_wconf 73' lang='lat' dir='ltr'>pugnantibus</span> <span class='ocrx_word' id='word_1_157' title='bbox 1029 1916 1162 1966; x_wconf 86' lang='lat' dir='ltr'>enim</span> <span class='ocrx_word' id='word_1_158' title='bbox 1192 1914 1511 1984; x_wconf 73' lang='lat' dir='ltr'>colligebatur</span> <span class='ocrx_word' id='word_1_159' title='bbox 1562 1911 1712 1982; x_wconf 60' lang='grc' dir='ltr'>,βῆν</span> <span class='ocrx_word' id='word_1_160' title='bbox 1728 1955 1744 1978; x_wconf 83' lang='grc'><strong><em>,</em></strong></span> <span class='ocrx_word' id='word_1_161' title='bbox 1760 1914 1969 1986; x_wconf 64' lang='lat' dir='ltr'>prodire</span> <span class='ocrx_word' id='word_1_162' title='bbox 1988 1954 2002 1982; x_wconf 94' lang='lat'>‚</span> <span class='ocrx_word' id='word_1_163' title='bbox 2027 1926 2119 1969; x_wconf 84' lang='lat' dir='ltr'>etc.</span> 
     </span>
    </p>
   </div>
   <div class='ocr_carea' id='block_1_10' title="bbox 500 1999 1507 2151">
    <p class='ocr_par' dir='ltr' id='par_1_11' title="bbox 500 1999 1507 2151">
     <span class='ocr_line' id='line_1_27' title="bbox 500 1999 1507 2067; baseline 0.002 -16"><span class='ocrx_word' id='word_1_164' title='bbox 500 2000 738 2051; x_wconf 76' lang='lat' dir='ltr'>excitatns</span> <span class='ocrx_word' id='word_1_165' title='bbox 777 2000 968 2066; x_wconf 55' lang='lat' dir='ltr'>pulvim</span> <span class='ocrx_word' id='word_1_166' title='bbox 1003 2000 1120 2051; x_wconf 78' lang='lat' dir='ltr'>hinc</span> <span class='ocrx_word' id='word_1_167' title='bbox 1139 2016 1276 2067; x_wconf 82' lang='lat' dir='ltr'>supr.</span> <span class='ocrx_word' id='word_1_168' title='bbox 1317 1999 1418 2053; x_wconf 85' lang='lat' dir='ltr'>od.</span> <span class='ocrx_word' id='word_1_169' title='bbox 1460 2002 1507 2067; x_wconf 91' lang='lat'>1,</span> 
     </span>
     <span class='ocr_line' id='line_1_28' title="bbox 507 2082 1505 2151; baseline 0.003 -16"><span class='ocrx_word' id='word_1_170' title='bbox 507 2098 554 2143; x_wconf 77' lang='grc' dir='ltr'>ι,</span> <span class='ocrx_word' id='word_1_171' title='bbox 579 2096 610 2136; x_wconf 72' lang='lat'>8</span> <span class='ocrx_word' id='word_1_172' title='bbox 639 2101 654 2134; x_wconf 80' lang='lat'><em>=</em></span> <span class='ocrx_word' id='word_1_173' title='bbox 679 2100 706 2130; x_wconf 75' lang='grc' dir='ltr'><strong>α</strong></span> <span class='ocrx_word' id='word_1_174' title='bbox 731 2082 987 2135; x_wconf 66' lang='lat' dir='ltr'>pulverem</span> <span class='ocrx_word' id='word_1_175' title='bbox 1021 2082 1331 2151; x_wconf 80' lang='lat' dir='ltr'>Olympicum</span> <span class='ocrx_word' id='word_1_176' title='bbox 1361 2086 1505 2139; x_wconf 82' lang='lat' dir='ltr'>oolli-</span> 
     </span>
    </p>
   </div>
   <div class='ocr_carea' id='block_1_11' title="bbox 1580 2000 2600 2153">
    <p class='ocr_par' dir='ltr' id='par_1_12' title="bbox 1580 2000 2600 2153">
     <span class='ocr_line' id='line_1_29' title="bbox 1652 2000 2593 2071; baseline 0.001 -20"><span class='ocrx_word' id='word_1_177' title='bbox 1652 2010 1739 2052; x_wconf 76' lang='lat'>56.</span> <span class='ocrx_word' id='word_1_178' title='bbox 1789 2000 1942 2051; x_wconf 79' lang='lat' dir='ltr'>Loevo</span> <span class='ocrx_word' id='word_1_179' title='bbox 1984 2000 2228 2071; x_wconf 72' lang='lat' dir='ltr'>suspensi</span> <span class='ocrx_word' id='word_1_180' title='bbox 2366 2000 2593 2062; x_wconf 75' lang='grc' dir='ltr'>Ιασειτο,</span> 
     </span>
     <span class='ocr_line' id='line_1_30' title="bbox 1580 2080 2600 2153; baseline 0.002 -18"><span class='ocrx_word' id='word_1_181' title='bbox 1580 2083 1713 2136; x_wconf 79' lang='lat' dir='ltr'>hunc</span> <span class='ocrx_word' id='word_1_182' title='bbox 1762 2080 1953 2135; x_wconf 50' lang='lat' dir='ltr'>&amp;ereum</span> <span class='ocrx_word' id='word_1_183' title='bbox 1996 2083 2439 2150; x_wconf 77' lang='lat' dir='ltr'>elegantissimum,</span> <span class='ocrx_word' id='word_1_184' title='bbox 2498 2104 2600 2153; x_wconf 87' lang='lat' dir='ltr'>quo</span> 
     </span>
    </p>
   </div>
   <div class='ocr_carea' id='block_1_12' title="bbox 499 2158 2635 2319">
    <p class='ocr_par' dir='ltr' id='par_1_13' title="bbox 499 2158 2635 2319">
     <span class='ocr_line' id='line_1_31' title="bbox 499 2158 2601 2248; baseline 0 -31"><span class='ocrx_word' id='word_1_185' title='bbox 499 2184 629 2234; x_wconf 78' lang='lat' dir='ltr'>gere.</span> <span class='ocrx_word' id='word_1_186' title='bbox 647 2166 824 2218; x_wconf 70' lang='lat' dir='ltr'>„Fieri</span> <span class='ocrx_word' id='word_1_187' title='bbox 848 2176 1011 2219; x_wconf 80' lang='lat' dir='ltr'>autem</span> <span class='ocrx_word' id='word_1_188' title='bbox 1027 2178 1236 2235; x_wconf 83' lang='lat' dir='ltr'>poterat,</span> <span class='ocrx_word' id='word_1_189' title='bbox 1255 2180 1311 2220; x_wconf 89' lang='lat' dir='ltr'>ut</span> <span class='ocrx_word' id='word_1_190' title='bbox 1325 2168 1506 2240; x_wconf 83' lang='lat' dir='ltr'>aliquis</span> <span class='ocrx_word' id='word_1_191' title='bbox 1577 2158 1731 2248; x_wconf 36' lang='lat' dir='ltr'>supra}</span> <span class='ocrx_word' id='word_1_192' title='bbox 1741 2168 1841 2218; x_wconf 88' lang='lat' dir='ltr'>Sat.</span> <span class='ocrx_word' id='word_1_193' title='bbox 1866 2166 1894 2217; x_wconf 88' lang='grc' dir='ltr'>Ι</span> <span class='ocrx_word' id='word_1_194' title='bbox 1910 2204 1926 2231; x_wconf 85' lang='grc'>,</span> <span class='ocrx_word' id='word_1_195' title='bbox 1962 2176 1991 2219; x_wconf 78' lang='grc'>6</span> <span class='ocrx_word' id='word_1_196' title='bbox 2004 2204 2021 2232; x_wconf 86' lang='grc'><strong>,</strong></span> <span class='ocrx_word' id='word_1_197' title='bbox 2045 2176 2107 2217; x_wconf 62' lang='lat'>¹16</span> <span class='ocrx_word' id='word_1_198' title='bbox 2126 2204 2139 2226; x_wconf 93' lang='lat'><strong>‚</strong></span> <span class='ocrx_word' id='word_1_199' title='bbox 2165 2182 2341 2234; x_wconf 86' lang='lat' dir='ltr'>pueros</span> <span class='ocrx_word' id='word_1_200' title='bbox 2363 2182 2474 2217; x_wconf 89' lang='lat' dir='ltr'>oum</span> <span class='ocrx_word' id='word_1_201' title='bbox 2516 2176 2601 2218; x_wconf 81' lang='lat' dir='ltr'>ta-</span> 
     </span>
     <span class='ocr_line' id='line_1_32' title="bbox 501 2248 2635 2319; baseline -0.002 -13"><span class='ocrx_word' id='word_1_202' title='bbox 501 2256 556 2306; x_wconf 87' lang='lat' dir='ltr'>in</span> <span class='ocrx_word' id='word_1_203' title='bbox 577 2252 708 2304; x_wconf 82' lang='lat' dir='ltr'>ludis</span> <span class='ocrx_word' id='word_1_204' title='bbox 727 2250 1000 2319; x_wconf 78' lang='lat' dir='ltr'>olympicis</span> <span class='ocrx_word' id='word_1_205' title='bbox 1023 2252 1178 2304; x_wconf 76' lang='lat' dir='ltr'>victor</span> <span class='ocrx_word' id='word_1_206' title='bbox 1191 2266 1511 2308; x_wconf 80' lang='lat' dir='ltr'>comnaretur</span> <span class='ocrx_word' id='word_1_207' title='bbox 1578 2251 1691 2303; x_wconf 84' lang='lat' dir='ltr'>bula</span> <span class='ocrx_word' id='word_1_208' title='bbox 1709 2260 1759 2301; x_wconf 86' lang='lat' dir='ltr'>et</span> <span class='ocrx_word' id='word_1_209' title='bbox 1774 2248 1945 2302; x_wconf 73' lang='lat' dir='ltr'>loculis</span> <span class='ocrx_word' id='word_1_210' title='bbox 1964 2250 2012 2300; x_wconf 88' lang='lat' dir='ltr'>in</span> <span class='ocrx_word' id='word_1_211' title='bbox 2033 2248 2243 2302; x_wconf 79' lang='lat' dir='ltr'>scholam</span> <span class='ocrx_word' id='word_1_212' title='bbox 2264 2286 2278 2313; x_wconf 91' lang='lat'>,</span> <span class='ocrx_word' id='word_1_213' title='bbox 2299 2248 2386 2300; x_wconf 79' lang='lat' dir='ltr'>ubi</span> <span class='ocrx_word' id='word_1_214' title='bbox 2413 2266 2603 2301; x_wconf 79' lang='lat' dir='ltr'>nume·</span> <span class='ocrx_word' id='word_1_215' title='bbox 2630 2282 2635 2285; x_wconf 97' lang='lat'>-</span> 
     </span>
    </p>
   </div>
   <div class='ocr_carea' id='block_1_13' title="bbox 503 2335 1528 4075">
    <p class='ocr_par' dir='ltr' id='par_1_14' title="bbox 503 2335 1518 2895">
     <span class='ocr_line' id='line_1_33' title="bbox 503 2335 1516 2405; baseline 0 -13"><span class='ocrx_word' id='word_1_216' title='bbox 503 2340 614 2392; x_wconf 78' lang='lat' dir='ltr'>sine</span> <span class='ocrx_word' id='word_1_217' title='bbox 653 2336 885 2405; x_wconf 72' lang='lat' dir='ltr'>pulvere,</span> <span class='ocrx_word' id='word_1_218' title='bbox 922 2335 1030 2388; x_wconf 80' lang='lat' dir='ltr'>sine</span> <span class='ocrx_word' id='word_1_219' title='bbox 1063 2352 1222 2405; x_wconf 80' lang='lat' dir='ltr'>pugna</span> <span class='ocrx_word' id='word_1_220' title='bbox 1241 2376 1255 2399; x_wconf 92' lang='lat'>‚</span> <span class='ocrx_word' id='word_1_221' title='bbox 1293 2340 1336 2391; x_wconf 87' lang='lat' dir='ltr'>si</span> <span class='ocrx_word' id='word_1_222' title='bbox 1369 2340 1516 2392; x_wconf 80' lang='lat' dir='ltr'>nem&#39;o</span> 
     </span>
     <span class='ocr_line' id='line_1_34' title="bbox 503 2421 1516 2489; baseline 0.007 -19"><span class='ocrx_word' id='word_1_223' title='bbox 503 2422 724 2483; x_wconf 68' lang='lat' dir='ltr'>adesset,</span> <span class='ocrx_word' id='word_1_224' title='bbox 757 2421 844 2489; x_wconf 88' lang='lat' dir='ltr'>qui</span> <span class='ocrx_word' id='word_1_225' title='bbox 878 2436 988 2471; x_wconf 88' lang='lat' dir='ltr'>cum</span> <span class='ocrx_word' id='word_1_226' title='bbox 1012 2438 1071 2472; x_wconf 85' lang='lat' dir='ltr'>eo</span> <span class='ocrx_word' id='word_1_227' title='bbox 1101 2432 1349 2475; x_wconf 79' lang='lat' dir='ltr'>certamen</span> <span class='ocrx_word' id='word_1_228' title='bbox 1385 2426 1516 2477; x_wconf 79' lang='lat' dir='ltr'>inire</span> 
     </span>
     <span class='ocr_line' id='line_1_35' title="bbox 505 2502 1515 2576; baseline 0.001 -16"><span class='ocrx_word' id='word_1_229' title='bbox 505 2506 725 2560; x_wconf 77' lang='lat' dir='ltr'>auderet.</span> <span class='ocrx_word' id='word_1_230' title='bbox 763 2502 870 2555; x_wconf 84' lang='lat' dir='ltr'>Hoc</span> <span class='ocrx_word' id='word_1_231' title='bbox 905 2504 1120 2556; x_wconf 74' lang='lat' dir='ltr'>transfer</span> <span class='ocrx_word' id='word_1_232' title='bbox 1143 2507 1204 2557; x_wconf 80' lang='lat' dir='ltr'>ad</span> <span class='ocrx_word' id='word_1_233' title='bbox 1236 2524 1515 2576; x_wconf 75' lang='lat' dir='ltr'>expressam</span> 
     </span>
     <span class='ocr_line' id='line_1_36' title="bbox 505 2586 1509 2655; baseline 0 -12"><span class='ocrx_word' id='word_1_234' title='bbox 505 2588 799 2643; x_wconf 73' lang='lat' dir='ltr'>sententiam</span> <span class='ocrx_word' id='word_1_235' title='bbox 822 2604 837 2636; x_wconf 94' lang='grc'>·.</span> <span class='ocrx_word' id='word_1_236' title='bbox 857 2586 1087 2639; x_wconf 81' lang='lat' dir='ltr'>virtutem</span> <span class='ocrx_word' id='word_1_237' title='bbox 1112 2592 1358 2642; x_wconf 75' lang='lat' dir='ltr'>exercenti</span> <span class='ocrx_word' id='word_1_238' title='bbox 1378 2609 1474 2643; x_wconf 89' lang='lat' dir='ltr'>non</span> <span class='ocrx_word' id='word_1_239' title='bbox 1494 2631 1509 2655; x_wconf 88' lang='lat'>‚</span> 
     </span>
     <span class='ocr_line' id='line_1_37' title="bbox 507 2672 1513 2743; baseline 0.001 -16"><span class='ocrx_word' id='word_1_240' title='bbox 507 2683 564 2727; x_wconf 83' lang='lat' dir='ltr'>ut</span> <span class='ocrx_word' id='word_1_241' title='bbox 579 2672 863 2723; x_wconf 80' lang='lat' dir='ltr'>divitiarum</span> <span class='ocrx_word' id='word_1_242' title='bbox 885 2672 1295 2737; x_wconf 81' lang='lat' dir='ltr'>congerendarum</span> <span class='ocrx_word' id='word_1_243' title='bbox 1315 2676 1513 2743; x_wconf 87' lang='lat' dir='ltr'>cupido,</span> 
     </span>
     <span class='ocr_line' id='line_1_38' title="bbox 509 2756 1518 2830; baseline 0.001 -22"><span class='ocrx_word' id='word_1_244' title='bbox 509 2756 819 2830; x_wconf 73' lang='lat' dir='ltr'>pugnandum</span> <span class='ocrx_word' id='word_1_245' title='bbox 839 2772 944 2808; x_wconf 74' lang='lat' dir='ltr'>erse</span> <span class='ocrx_word' id='word_1_246' title='bbox 965 2774 1074 2809; x_wconf 89' lang='lat' dir='ltr'>cum</span> <span class='ocrx_word' id='word_1_247' title='bbox 1095 2756 1348 2810; x_wconf 72' lang='lat' dir='ltr'>laboribus</span> <span class='ocrx_word' id='word_1_248' title='bbox 1368 2770 1419 2811; x_wconf 91' lang='lat' dir='ltr'>et</span> <span class='ocrx_word' id='word_1_249' title='bbox 1438 2778 1518 2829; x_wconf 56' lang='lat' dir='ltr'>pou</span> 
     </span>
     <span class='ocr_line' id='line_1_39' title="bbox 505 2840 694 2895; baseline -0.021 0"><span class='ocrx_word' id='word_1_250' title='bbox 505 2840 694 2895; x_wconf 79' lang='lat' dir='ltr'>riculis.</span> 
     </span>
    </p>

    <p class='ocr_par' dir='ltr' id='par_1_15' title="bbox 508 2922 1522 3159">
     <span class='ocr_line' id='line_1_40' title="bbox 583 2922 1519 2993; baseline -0.002 -16"><span class='ocrx_word' id='word_1_251' title='bbox 583 2936 670 2977; x_wconf 74' lang='lat'>82.</span> <span class='ocrx_word' id='word_1_252' title='bbox 713 2922 766 2975; x_wconf 83' lang='lat' dir='ltr'><em>V</em></span> <span class='ocrx_word' id='word_1_253' title='bbox 762 2926 885 2975; x_wconf 71' lang='lat' dir='ltr'>ilius</span> <span class='ocrx_word' id='word_1_254' title='bbox 907 2934 1208 2993; x_wconf 67' lang='lat' dir='ltr'>argentum,</span> <span class='ocrx_word' id='word_1_255' title='bbox 1249 2932 1341 2975; x_wconf 81' lang='lat' dir='ltr'>etc.</span> <span class='ocrx_word' id='word_1_256' title='bbox 1372 2922 1415 2974; x_wconf 79' lang='lat' dir='ltr'>si</span> <span class='ocrx_word' id='word_1_257' title='bbox 1439 2922 1519 2975; x_wconf 74' lang='lat' dir='ltr'>vi-</span> 
     </span>
     <span class='ocr_line' id='line_1_41' title="bbox 508 3008 1522 3078; baseline -0.001 -17"><span class='ocrx_word' id='word_1_258' title='bbox 508 3010 621 3063; x_wconf 82' lang='lat' dir='ltr'>liori</span> <span class='ocrx_word' id='word_1_259' title='bbox 652 3008 1009 3078; x_wconf 70' lang='lat' dir='ltr'>praeferendum</span> <span class='ocrx_word' id='word_1_260' title='bbox 1044 3017 1120 3059; x_wconf 84' lang='lat' dir='ltr'>est</span> <span class='ocrx_word' id='word_1_261' title='bbox 1148 3008 1353 3071; x_wconf 80' lang='lat' dir='ltr'>melius,</span> <span class='ocrx_word' id='word_1_262' title='bbox 1400 3025 1522 3060; x_wconf 85' lang='lat' dir='ltr'>auro</span> 
     </span>
     <span class='ocr_line' id='line_1_42' title="bbox 509 3089 1372 3159; baseline -0.006 -14"><span class='ocrx_word' id='word_1_263' title='bbox 509 3102 560 3145; x_wconf 86' lang='lat' dir='ltr'>et</span> <span class='ocrx_word' id='word_1_264' title='bbox 579 3092 770 3145; x_wconf 77' lang='lat' dir='ltr'>divitiis</span> <span class='ocrx_word' id='word_1_265' title='bbox 791 3091 1015 3159; x_wconf 66' lang='lat' dir='ltr'>preferri</span> <span class='ocrx_word' id='word_1_266' title='bbox 1035 3089 1184 3142; x_wconf 83' lang='lat' dir='ltr'>debet</span> <span class='ocrx_word' id='word_1_267' title='bbox 1201 3091 1372 3141; x_wconf 81' lang='lat' dir='ltr'>virtus.</span> 
     </span>
    </p>

    <p class='ocr_par' dir='ltr' id='par_1_16' title="bbox 510 3170 1528 4075">
     <span class='ocr_line' id='line_1_43' title="bbox 588 3170 1521 3231; baseline -0.001 -4"><span class='ocrx_word' id='word_1_268' title='bbox 588 3185 676 3227; x_wconf 74' lang='lat'>83.</span> <span class='ocrx_word' id='word_1_269' title='bbox 703 3175 750 3225; x_wconf 92' lang='grc' dir='ltr'><em>Ο</em></span> <span class='ocrx_word' id='word_1_270' title='bbox 768 3175 928 3231; x_wconf 58' lang='lat' dir='ltr'>ethes,</span> <span class='ocrx_word' id='word_1_271' title='bbox 950 3172 1118 3225; x_wconf 73' lang='lat' dir='ltr'>cives!</span> <span class='ocrx_word' id='word_1_272' title='bbox 1141 3182 1234 3224; x_wconf 85' lang='lat' dir='ltr'>etc.</span> <span class='ocrx_word' id='word_1_273' title='bbox 1262 3170 1333 3225; x_wconf 81' lang='lat' dir='ltr'>At</span> <span class='ocrx_word' id='word_1_274' title='bbox 1354 3184 1521 3226; x_wconf 83' lang='lat' dir='ltr'>nostra</span> 
     </span>
     <span class='ocr_line' id='line_1_44' title="bbox 511 3254 1523 3323; baseline -0.002 -14"><span class='ocrx_word' id='word_1_275' title='bbox 511 3266 653 3309; x_wconf 78' lang='lat' dir='ltr'>aetate</span> <span class='ocrx_word' id='word_1_276' title='bbox 669 3274 858 3309; x_wconf 86' lang='lat' dir='ltr'>morum</span> <span class='ocrx_word' id='word_1_277' title='bbox 879 3256 1096 3321; x_wconf 76' lang='lat' dir='ltr'>magistri</span> <span class='ocrx_word' id='word_1_278' title='bbox 1113 3254 1322 3305; x_wconf 83' lang='lat' dir='ltr'>clamant</span> <span class='ocrx_word' id='word_1_279' title='bbox 1333 3267 1382 3307; x_wconf 90' lang='lat' dir='ltr'>et</span> <span class='ocrx_word' id='word_1_280' title='bbox 1395 3274 1523 3323; x_wconf 81' lang='lat' dir='ltr'>prae-</span> 
     </span>
     <span class='ocr_line' id='line_1_45' title="bbox 510 3337 1519 3411; baseline -0.006 -16"><span class='ocrx_word' id='word_1_281' title='bbox 510 3340 704 3411; x_wconf 81' lang='lat' dir='ltr'>cipiunt</span> <span class='ocrx_word' id='word_1_282' title='bbox 737 3357 750 3390; x_wconf 75' lang='grc' dir='ltr'><strong>ε</strong></span> <span class='ocrx_word' id='word_1_283' title='bbox 789 3358 821 3392; x_wconf 89' lang='lat' dir='ltr'>o</span> <span class='ocrx_word' id='word_1_284' title='bbox 844 3340 1002 3396; x_wconf 82' lang='lat' dir='ltr'>cives,</span> <span class='ocrx_word' id='word_1_285' title='bbox 1025 3337 1182 3397; x_wconf 83' lang='lat' dir='ltr'>cives,</span> <span class='ocrx_word' id='word_1_286' title='bbox 1212 3348 1328 3389; x_wconf 75' lang='lat' dir='ltr'>ante</span> <span class='ocrx_word' id='word_1_287' title='bbox 1351 3340 1519 3389; x_wconf 85' lang='lat' dir='ltr'>omnia</span> 
     </span>
     <span class='ocr_line' id='line_1_46' title="bbox 511 3419 1522 3495; baseline -0.005 -19"><span class='ocrx_word' id='word_1_288' title='bbox 511 3424 770 3495; x_wconf 65' lang='lat' dir='ltr'>quaerenda</span> <span class='ocrx_word' id='word_1_289' title='bbox 787 3431 860 3473; x_wconf 85' lang='lat' dir='ltr'>est</span> <span class='ocrx_word' id='word_1_290' title='bbox 878 3419 1080 3489; x_wconf 85' lang='lat' dir='ltr'>pecunia</span> <span class='ocrx_word' id='word_1_291' title='bbox 1095 3457 1110 3486; x_wconf 86' lang='lat'><strong>‚</strong></span> <span class='ocrx_word' id='word_1_292' title='bbox 1133 3428 1185 3471; x_wconf 81' lang='lat' dir='ltr'>et</span> <span class='ocrx_word' id='word_1_293' title='bbox 1208 3428 1319 3487; x_wconf 84' lang='lat' dir='ltr'>post</span> <span class='ocrx_word' id='word_1_294' title='bbox 1339 3421 1522 3489; x_wconf 78' lang='lat' dir='ltr'>quaesi-</span> 
     </span>
     <span class='ocr_line' id='line_1_47' title="bbox 513 3502 1524 3575; baseline -0.012 -13"><span class='ocrx_word' id='word_1_295' title='bbox 513 3522 612 3562; x_wconf 83' lang='lat' dir='ltr'>tam</span> <span class='ocrx_word' id='word_1_296' title='bbox 653 3506 910 3575; x_wconf 85' lang='lat' dir='ltr'>pecuniam</span> <span class='ocrx_word' id='word_1_297' title='bbox 957 3503 1156 3554; x_wconf 84' lang='lat' dir='ltr'>demum</span> <span class='ocrx_word' id='word_1_298' title='bbox 1195 3502 1380 3568; x_wconf 66' lang='lat' dir='ltr'>virtus3</span> <span class='ocrx_word' id='word_1_299' title='bbox 1419 3502 1524 3555; x_wconf 81' lang='lat' dir='ltr'>haec</span> 
     </span>
     <span class='ocr_line' id='line_1_48' title="bbox 519 3584 1527 3659; baseline -0.002 -18"><span class='ocrx_word' id='word_1_300' title='bbox 519 3591 747 3659; x_wconf 76' lang='lat' dir='ltr'>(dictata)</span> <span class='ocrx_word' id='word_1_301' title='bbox 775 3596 1014 3659; x_wconf 74' lang='lat' dir='ltr'>praeccpta</span> <span class='ocrx_word' id='word_1_302' title='bbox 1037 3586 1092 3637; x_wconf 84' lang='lat' dir='ltr'>in</span> <span class='ocrx_word' id='word_1_303' title='bbox 1114 3584 1146 3637; x_wconf 80' lang='lat' dir='ltr'>J</span> <span class='ocrx_word' id='word_1_304' title='bbox 1149 3602 1243 3637; x_wconf 89' lang='lat' dir='ltr'>ano</span> <span class='ocrx_word' id='word_1_305' title='bbox 1263 3602 1454 3639; x_wconf 80' lang='lat' dir='ltr'>summo</span> <span class='ocrx_word' id='word_1_306' title='bbox 1474 3597 1527 3639; x_wconf 84' lang='lat' dir='ltr'>et</span> 
     </span>
     <span class='ocr_line' id='line_1_49' title="bbox 515 3669 1527 3737; baseline -0.001 -12"><span class='ocrx_word' id='word_1_307' title='bbox 515 3675 616 3727; x_wconf 85' lang='lat' dir='ltr'>imo</span> <span class='ocrx_word' id='word_1_308' title='bbox 633 3712 648 3735; x_wconf 94' lang='lat'>‚</span> <span class='ocrx_word' id='word_1_309' title='bbox 673 3673 760 3724; x_wconf 85' lang='lat' dir='ltr'>ubi</span> <span class='ocrx_word' id='word_1_310' title='bbox 783 3671 1097 3723; x_wconf 79' lang='lat' dir='ltr'>foeneratores</span> <span class='ocrx_word' id='word_1_311' title='bbox 1107 3670 1281 3722; x_wconf 79' lang='lat' dir='ltr'>sedent</span> <span class='ocrx_word' id='word_1_312' title='bbox 1294 3708 1309 3732; x_wconf 96' lang='lat'>‚</span> <span class='ocrx_word' id='word_1_313' title='bbox 1331 3669 1527 3737; x_wconf 77' lang='lat' dir='ltr'>publice</span> 
     </span>
     <span class='ocr_line' id='line_1_50' title="bbox 519 3755 1528 3826; baseline -0.003 -16"><span class='ocrx_word' id='word_1_314' title='bbox 519 3759 872 3826; x_wconf 79' lang='lat' dir='ltr'>perdocentur3</span> <span class='ocrx_word' id='word_1_315' title='bbox 893 3755 1061 3807; x_wconf 84' lang='lat' dir='ltr'>eadem</span> <span class='ocrx_word' id='word_1_316' title='bbox 1072 3756 1274 3821; x_wconf 82' lang='lat' dir='ltr'>juvenes</span> <span class='ocrx_word' id='word_1_317' title='bbox 1291 3770 1528 3825; x_wconf 76' lang='lat' dir='ltr'>senesque</span> 
     </span>
     <span class='ocr_line' id='line_1_51' title="bbox 515 3838 1528 3907; baseline 0.002 -17"><span class='ocrx_word' id='word_1_318' title='bbox 515 3849 780 3905; x_wconf 84' lang='lat' dir='ltr'>repetunt,</span> <span class='ocrx_word' id='word_1_319' title='bbox 815 3840 964 3905; x_wconf 85' lang='lat' dir='ltr'>dum,</span> <span class='ocrx_word' id='word_1_320' title='bbox 999 3839 1126 3891; x_wconf 74' lang='lat' dir='ltr'>sicut</span> <span class='ocrx_word' id='word_1_321' title='bbox 1142 3840 1286 3907; x_wconf 84' lang='lat' dir='ltr'>pueri</span> <span class='ocrx_word' id='word_1_322' title='bbox 1319 3838 1372 3890; x_wconf 90' lang='lat' dir='ltr'>in</span> <span class='ocrx_word' id='word_1_323' title='bbox 1389 3840 1528 3892; x_wconf 72' lang='lat' dir='ltr'>ncho-</span> 
     </span>
     <span class='ocr_line' id='line_1_52' title="bbox 517 3920 1526 3982; baseline 0.002 -11"><span class='ocrx_word' id='word_1_324' title='bbox 517 3921 618 3971; x_wconf 80' lang='lat' dir='ltr'>lam</span> <span class='ocrx_word' id='word_1_325' title='bbox 636 3930 832 3982; x_wconf 82' lang='lat' dir='ltr'>cuntes,</span> <span class='ocrx_word' id='word_1_326' title='bbox 859 3921 1072 3973; x_wconf 78' lang='lat' dir='ltr'>tabulam</span> <span class='ocrx_word' id='word_1_327' title='bbox 1095 3930 1147 3973; x_wconf 88' lang='lat' dir='ltr'>et.</span> <span class='ocrx_word' id='word_1_328' title='bbox 1165 3920 1344 3973; x_wconf 76' lang='lat' dir='ltr'>loculos</span> <span class='ocrx_word' id='word_1_329' title='bbox 1365 3938 1526 3973; x_wconf 82' lang='lat' dir='ltr'>secum</span> 
     </span>
     <span class='ocr_line' id='line_1_53' title="bbox 520 4003 1520 4075; baseline 0.002 -22"><span class='ocrx_word' id='word_1_330' title='bbox 520 4012 738 4075; x_wconf 81' lang='lat' dir='ltr'>portant.</span> <span class='ocrx_word' id='word_1_331' title='bbox 768 4004 841 4053; x_wconf 87' lang='lat' dir='ltr'>De</span> <span class='ocrx_word' id='word_1_332' title='bbox 863 4005 999 4055; x_wconf 81' lang='lat' dir='ltr'>Jano</span> <span class='ocrx_word' id='word_1_333' title='bbox 1022 4018 1214 4055; x_wconf 76' lang='lat' dir='ltr'>summo</span> <span class='ocrx_word' id='word_1_334' title='bbox 1235 4015 1282 4055; x_wconf 75' lang='lat' dir='ltr'>et</span> <span class='ocrx_word' id='word_1_335' title='bbox 1301 4003 1400 4054; x_wconf 80' lang='lat' dir='ltr'>imo</span> <span class='ocrx_word' id='word_1_336' title='bbox 1419 4004 1520 4055; x_wconf 71' lang='lat' dir='ltr'>vid.</span> 
     </span>
    </p>
   </div>
   <div class='ocr_carea' id='block_1_14' title="bbox 1584 2328 2622 4074">
    <p class='ocr_par' dir='ltr' id='par_1_17' title="bbox 1584 2328 2622 4074">
     <span class='ocr_line' id='line_1_54' title="bbox 1584 2328 2603 2395; baseline 0.001 -9"><span class='ocrx_word' id='word_1_337' title='bbox 1584 2328 1663 2386; x_wconf 77' lang='lat' dir='ltr'>ros</span> <span class='ocrx_word' id='word_1_338' title='bbox 1683 2334 1951 2386; x_wconf 72' lang='lat' dir='ltr'>subducem</span> <span class='ocrx_word' id='word_1_339' title='bbox 1966 2333 2159 2385; x_wconf 81' lang='lat' dir='ltr'>discant</span> <span class='ocrx_word' id='word_1_340' title='bbox 2172 2372 2185 2395; x_wconf 92' lang='lat'>‚</span> <span class='ocrx_word' id='word_1_341' title='bbox 2210 2344 2384 2385; x_wconf 84' lang='lat' dir='ltr'>euntes</span> <span class='ocrx_word' id='word_1_342' title='bbox 2408 2334 2603 2387; x_wconf 84' lang='lat' dir='ltr'>descri-</span> 
     </span>
     <span class='ocr_line' id='line_1_55' title="bbox 1586 2418 2603 2488; baseline 0.001 -17"><span class='ocrx_word' id='word_1_343' title='bbox 1586 2420 1685 2487; x_wconf 80' lang='lat' dir='ltr'>psit</span> <span class='ocrx_word' id='word_1_344' title='bbox 1708 2458 1721 2485; x_wconf 93' lang='lat'>,</span> <span class='ocrx_word' id='word_1_345' title='bbox 1758 2418 1962 2471; x_wconf 79' lang='lat' dir='ltr'>Homeri</span> <span class='ocrx_word' id='word_1_346' title='bbox 2004 2428 2055 2470; x_wconf 85' lang='lat' dir='ltr'>et</span> <span class='ocrx_word' id='word_1_347' title='bbox 2089 2420 2299 2471; x_wconf 84' lang='lat' dir='ltr'>aliorum</span> <span class='ocrx_word' id='word_1_348' title='bbox 2344 2430 2603 2488; x_wconf 83' lang='lat' dir='ltr'>poetarum</span> 
     </span>
     <span class='ocr_line' id='line_1_56' title="bbox 1587 2504 2605 2573; baseline 0 -17"><span class='ocrx_word' id='word_1_349' title='bbox 1587 2504 1828 2573; x_wconf 66' lang='lat' dir='ltr'>exemplo,</span> <span class='ocrx_word' id='word_1_350' title='bbox 1844 2504 2078 2555; x_wconf 77' lang='lat' dir='ltr'>Horatius</span> <span class='ocrx_word' id='word_1_351' title='bbox 2090 2514 2368 2573; x_wconf 79' lang='lat' dir='ltr'>opportune</span> <span class='ocrx_word' id='word_1_352' title='bbox 2384 2522 2513 2556; x_wconf 88' lang='lat' dir='ltr'>nunc</span> <span class='ocrx_word' id='word_1_353' title='bbox 2530 2522 2605 2556; x_wconf 88' lang='lat' dir='ltr'>re·</span> 
     </span>
     <span class='ocr_line' id='line_1_57' title="bbox 1586 2588 2603 2659; baseline 0.002 -19"><span class='ocrx_word' id='word_1_354' title='bbox 1586 2590 1729 2659; x_wconf 85' lang='lat' dir='ltr'>petit.</span> <span class='ocrx_word' id='word_1_355' title='bbox 1753 2589 1867 2641; x_wconf 86' lang='lat' dir='ltr'>Non</span> <span class='ocrx_word' id='word_1_356' title='bbox 1886 2588 2031 2641; x_wconf 75' lang='lat' dir='ltr'>video</span> <span class='ocrx_word' id='word_1_357' title='bbox 2052 2589 2204 2653; x_wconf 83' lang='lat' dir='ltr'>igitur</span> <span class='ocrx_word' id='word_1_358' title='bbox 2221 2625 2235 2653; x_wconf 90' lang='lat'><strong>‚</strong></span> <span class='ocrx_word' id='word_1_359' title='bbox 2258 2590 2506 2657; x_wconf 88' lang='lat' dir='ltr'>quomodo</span> <span class='ocrx_word' id='word_1_360' title='bbox 2524 2590 2603 2641; x_wconf 87' lang='lat' dir='ltr'>hic</span> 
     </span>
     <span class='ocr_line' id='line_1_58' title="bbox 1587 2671 2604 2741; baseline -0.001 -18"><span class='ocrx_word' id='word_1_361' title='bbox 1587 2688 1755 2724; x_wconf 80' lang='lat' dir='ltr'>versus</span> <span class='ocrx_word' id='word_1_362' title='bbox 1789 2688 1819 2723; x_wconf 79' lang='lat' dir='ltr'>a</span> <span class='ocrx_word' id='word_1_363' title='bbox 1846 2671 2192 2738; x_wconf 85' lang='lat' dir='ltr'>Cuninghamo</span> <span class='ocrx_word' id='word_1_364' title='bbox 2221 2682 2273 2723; x_wconf 87' lang='lat' dir='ltr'>et</span> <span class='ocrx_word' id='word_1_365' title='bbox 2305 2672 2367 2723; x_wconf 85' lang='lat' dir='ltr'>ab</span> <span class='ocrx_word' id='word_1_366' title='bbox 2396 2673 2487 2737; x_wconf 76' lang='lat' dir='ltr'>iis,</span> <span class='ocrx_word' id='word_1_367' title='bbox 2515 2675 2604 2741; x_wconf 73' lang='lat' dir='ltr'>qni</span> 
     </span>
     <span class='ocr_line' id='line_1_59' title="bbox 1587 2753 2603 2822; baseline 0 -16"><span class='ocrx_word' id='word_1_368' title='bbox 1587 2772 1699 2806; x_wconf 85' lang='lat' dir='ltr'>eum</span> <span class='ocrx_word' id='word_1_369' title='bbox 1720 2754 1874 2805; x_wconf 82' lang='lat' dir='ltr'>secuti</span> <span class='ocrx_word' id='word_1_370' title='bbox 1889 2763 2026 2821; x_wconf 85' lang='lat' dir='ltr'>sunt,</span> <span class='ocrx_word' id='word_1_371' title='bbox 2040 2771 2130 2822; x_wconf 78' lang='lat' dir='ltr'>pro</span> <span class='ocrx_word' id='word_1_372' title='bbox 2146 2770 2311 2822; x_wconf 85' lang='lat' dir='ltr'>panno</span> <span class='ocrx_word' id='word_1_373' title='bbox 2327 2765 2486 2806; x_wconf 78' lang='lat' dir='ltr'>assuto</span> <span class='ocrx_word' id='word_1_374' title='bbox 2504 2753 2603 2805; x_wconf 83' lang='lat' dir='ltr'>ha-</span> 
     </span>
     <span class='ocr_line' id='line_1_60' title="bbox 1588 2836 2605 2907; baseline 0 -18"><span class='ocrx_word' id='word_1_375' title='bbox 1588 2838 1697 2890; x_wconf 82' lang='lat' dir='ltr'>beri</span> <span class='ocrx_word' id='word_1_376' title='bbox 1735 2838 1970 2907; x_wconf 80' lang='lat' dir='ltr'>potuerit.</span> <span class='ocrx_word' id='word_1_377' title='bbox 2012 2836 2082 2888; x_wconf 80' lang='lat' dir='ltr'>Ut</span> <span class='ocrx_word' id='word_1_378' title='bbox 2117 2839 2325 2891; x_wconf 86' lang='lat' dir='ltr'>meliore</span> <span class='ocrx_word' id='word_1_379' title='bbox 2361 2857 2487 2891; x_wconf 81' lang='lat' dir='ltr'>nexu</span> <span class='ocrx_word' id='word_1_380' title='bbox 2523 2838 2605 2890; x_wconf 85' lang='lat' dir='ltr'>hic</span> 
     </span>
     <span class='ocr_line' id='line_1_61' title="bbox 1590 2924 2603 2992; baseline 0.003 -20"><span class='ocrx_word' id='word_1_381' title='bbox 1590 2940 1757 2975; x_wconf 76' lang='lat' dir='ltr'>versus</span> <span class='ocrx_word' id='word_1_382' title='bbox 1800 2938 1909 2975; x_wconf 84' lang='lat' dir='ltr'>cum</span> <span class='ocrx_word' id='word_1_383' title='bbox 1952 2924 2255 2992; x_wconf 70' lang='lat' dir='ltr'>praecedentc</span> <span class='ocrx_word' id='word_1_384' title='bbox 2304 2926 2570 2977; x_wconf 81' lang='lat' dir='ltr'>cohaereret</span> <span class='ocrx_word' id='word_1_385' title='bbox 2586 2962 2603 2987; x_wconf 87' lang='lat'>‚</span> 
     </span>
     <span class='ocr_line' id='line_1_62' title="bbox 1590 3003 2608 3077; baseline 0.006 -22"><span class='ocrx_word' id='word_1_386' title='bbox 1590 3003 1913 3057; x_wconf 76' lang='lat' dir='ltr'>Marklandus</span> <span class='ocrx_word' id='word_1_387' title='bbox 1961 3006 1981 3069; x_wconf 97' lang='lat'><strong>(</strong></span> <span class='ocrx_word' id='word_1_388' title='bbox 2002 3004 2055 3056; x_wconf 89' lang='lat' dir='ltr'>in</span> <span class='ocrx_word' id='word_1_389' title='bbox 2104 3006 2374 3074; x_wconf 80' lang='lat' dir='ltr'>Explicatt.</span> <span class='ocrx_word' id='word_1_390' title='bbox 2420 3006 2608 3077; x_wconf 76' lang='lat' dir='ltr'>aliquot</span> 
     </span>
     <span class='ocr_line' id='line_1_63' title="bbox 1592 3086 2607 3157; baseline 0 -18"><span class='ocrx_word' id='word_1_391' title='bbox 1592 3096 1711 3139; x_wconf 81' lang='lat' dir='ltr'>vett.</span> <span class='ocrx_word' id='word_1_392' title='bbox 1733 3097 1861 3139; x_wconf 76' lang='lat' dir='ltr'>auct.</span> <span class='ocrx_word' id='word_1_393' title='bbox 1889 3087 2104 3140; x_wconf 81' lang='lat' dir='ltr'>locorum</span> <span class='ocrx_word' id='word_1_394' title='bbox 2124 3086 2183 3139; x_wconf 87' lang='lat' dir='ltr'>ad</span> <span class='ocrx_word' id='word_1_395' title='bbox 2206 3088 2435 3155; x_wconf 81' lang='lat' dir='ltr'>Euripid.</span> <span class='ocrx_word' id='word_1_396' title='bbox 2472 3088 2607 3157; x_wconf 87' lang='lat' dir='ltr'>Sup-</span> 
     </span>
     <span class='ocr_line' id='line_1_64' title="bbox 1594 3170 2609 3243; baseline 0.005 -22"><span class='ocrx_word' id='word_1_397' title='bbox 1594 3170 1770 3239; x_wconf 74' lang='lat' dir='ltr'>plices,</span> <span class='ocrx_word' id='word_1_398' title='bbox 1803 3188 1851 3239; x_wconf 87' lang='lat' dir='ltr'>p.</span> <span class='ocrx_word' id='word_1_399' title='bbox 1876 3171 2017 3240; x_wconf 67' lang='lat'>2³5)</span> <span class='ocrx_word' id='word_1_400' title='bbox 2044 3182 2153 3241; x_wconf 82' lang='lat' dir='ltr'>post</span> <span class='ocrx_word' id='word_1_401' title='bbox 2184 3187 2430 3243; x_wconf 75' lang='lat' dir='ltr'>senesque</span> <span class='ocrx_word' id='word_1_402' title='bbox 2450 3190 2609 3241; x_wconf 87' lang='lat' dir='ltr'>copu-</span> 
     </span>
     <span class='ocr_line' id='line_1_65' title="bbox 1593 3254 2613 3324; baseline 0.004 -19"><span class='ocrx_word' id='word_1_403' title='bbox 1593 3254 1689 3307; x_wconf 79' lang='lat' dir='ltr'>lam</span> <span class='ocrx_word' id='word_1_404' title='bbox 1732 3268 1783 3306; x_wconf 79' lang='lat' dir='ltr'>et</span> <span class='ocrx_word' id='word_1_405' title='bbox 1820 3254 2143 3323; x_wconf 80' lang='lat' dir='ltr'>adjiciendam</span> <span class='ocrx_word' id='word_1_406' title='bbox 2193 3270 2297 3305; x_wconf 83' lang='lat' dir='ltr'>esse</span> <span class='ocrx_word' id='word_1_407' title='bbox 2338 3256 2613 3324; x_wconf 82' lang='lat' dir='ltr'>suspicatus</span> 
     </span>
     <span class='ocr_line' id='line_1_66' title="bbox 1593 3338 2615 3405; baseline 0.003 -15"><span class='ocrx_word' id='word_1_408' title='bbox 1593 3349 1685 3402; x_wconf 78' lang='lat' dir='ltr'>est,</span> <span class='ocrx_word' id='word_1_409' title='bbox 1708 3338 2091 3405; x_wconf 73' lang='lat' dir='ltr'>suffragantibus</span> <span class='ocrx_word' id='word_1_410' title='bbox 2103 3338 2373 3391; x_wconf 81' lang='lat' dir='ltr'>Wakefield</span> <span class='ocrx_word' id='word_1_411' title='bbox 2380 3340 2448 3405; x_wconf 85' lang='lat' dir='ltr'>io,</span> <span class='ocrx_word' id='word_1_412' title='bbox 2464 3340 2615 3393; x_wconf 82' lang='lat' dir='ltr'>Eich-</span> 
     </span>
     <span class='ocr_line' id='line_1_67' title="bbox 1592 3422 2612 3493; baseline 0.003 -19"><span class='ocrx_word' id='word_1_413' title='bbox 1592 3422 1777 3489; x_wconf 80' lang='lat' dir='ltr'>stadio,</span> <span class='ocrx_word' id='word_1_414' title='bbox 1796 3422 1900 3476; x_wconf 79' lang='lat' dir='ltr'>Fea</span> <span class='ocrx_word' id='word_1_415' title='bbox 1921 3434 1973 3475; x_wconf 87' lang='lat' dir='ltr'>et</span> <span class='ocrx_word' id='word_1_416' title='bbox 1988 3424 2121 3475; x_wconf 77' lang='lat' dir='ltr'>aliis.</span> <span class='ocrx_word' id='word_1_417' title='bbox 2146 3422 2246 3475; x_wconf 73' lang='lat' dir='ltr'>seu</span> <span class='ocrx_word' id='word_1_418' title='bbox 2271 3424 2386 3493; x_wconf 83' lang='lat' dir='ltr'>quis</span> <span class='ocrx_word' id='word_1_419' title='bbox 2404 3442 2580 3493; x_wconf 73' lang='lat' dir='ltr'>pueros</span> <span class='ocrx_word' id='word_1_420' title='bbox 2593 3464 2612 3493; x_wconf 88' lang='lat'>,</span> 
     </span>
     <span class='ocr_line' id='line_1_68' title="bbox 1592 3508 2614 3578; baseline -0.001 -17"><span class='ocrx_word' id='word_1_421' title='bbox 1592 3526 1621 3561; x_wconf 82' lang='lat' dir='ltr'>a</span> <span class='ocrx_word' id='word_1_422' title='bbox 1647 3508 1934 3561; x_wconf 83' lang='lat' dir='ltr'>divitiarum</span> <span class='ocrx_word' id='word_1_423' title='bbox 1958 3510 2397 3563; x_wconf 79' lang='lat' dir='ltr'>coacervandarum</span> <span class='ocrx_word' id='word_1_424' title='bbox 2413 3510 2614 3578; x_wconf 85' lang='lat' dir='ltr'>cupidi-</span> 
     </span>
     <span class='ocr_line' id='line_1_69' title="bbox 1593 3592 2613 3654; baseline 0.001 -11"><span class='ocrx_word' id='word_1_425' title='bbox 1593 3600 1695 3643; x_wconf 82' lang='lat' dir='ltr'>tate</span> <span class='ocrx_word' id='word_1_426' title='bbox 1711 3592 1872 3645; x_wconf 86' lang='lat' dir='ltr'>adbuc</span> <span class='ocrx_word' id='word_1_427' title='bbox 1886 3592 2090 3654; x_wconf 80' lang='lat' dir='ltr'>alienos,</span> <span class='ocrx_word' id='word_1_428' title='bbox 2110 3592 2455 3646; x_wconf 81' lang='lat' dir='ltr'>foeneratorum</span> <span class='ocrx_word' id='word_1_429' title='bbox 2478 3592 2613 3644; x_wconf 83' lang='lat' dir='ltr'>illam</span> 
     </span>
     <span class='ocr_line' id='line_1_70' title="bbox 1598 3672 2613 3747; baseline 0 -23"><span class='ocrx_word' id='word_1_430' title='bbox 1598 3675 1651 3724; x_wconf 86' lang='lat' dir='ltr'>in</span> <span class='ocrx_word' id='word_1_431' title='bbox 1675 3672 1805 3727; x_wconf 79' lang='lat' dir='ltr'>Jano</span> <span class='ocrx_word' id='word_1_432' title='bbox 1826 3676 2120 3727; x_wconf 80' lang='lat' dir='ltr'>cantilenam</span> <span class='ocrx_word' id='word_1_433' title='bbox 2149 3695 2161 3727; x_wconf 90' lang='lat'>:</span> <span class='ocrx_word' id='word_1_434' title='bbox 2190 3696 2217 3723; x_wconf 75' lang='grc' dir='ltr'>α</span> <span class='ocrx_word' id='word_1_435' title='bbox 2242 3676 2498 3747; x_wconf 71' lang='lat' dir='ltr'>quaerenda</span> <span class='ocrx_word' id='word_1_436' title='bbox 2519 3692 2613 3741; x_wconf 84' lang='lat' dir='ltr'>pe-</span> 
     </span>
     <span class='ocr_line' id='line_1_71' title="bbox 1596 3757 2615 3826; baseline 0.002 -17"><span class='ocrx_word' id='word_1_437' title='bbox 1596 3757 1741 3809; x_wconf 87' lang='lat' dir='ltr'>cunia</span> <span class='ocrx_word' id='word_1_438' title='bbox 1766 3758 1977 3825; x_wconf 85' lang='lat' dir='ltr'>primum</span> <span class='ocrx_word' id='word_1_439' title='bbox 2013 3769 2111 3820; x_wconf 80' lang='lat' dir='ltr'>est,</span> <span class='ocrx_word' id='word_1_440' title='bbox 2156 3759 2312 3812; x_wconf 77' lang='lat' dir='ltr'>virtus</span> <span class='ocrx_word' id='word_1_441' title='bbox 2336 3768 2445 3826; x_wconf 82' lang='lat' dir='ltr'>post</span> <span class='ocrx_word' id='word_1_442' title='bbox 2462 3776 2615 3811; x_wconf 85' lang='lat' dir='ltr'>num-</span> 
     </span>
     <span class='ocr_line' id='line_1_72' title="bbox 1597 3840 2621 3909; baseline 0.002 -18"><span class='ocrx_word' id='word_1_443' title='bbox 1597 3856 1729 3899; x_wconf 78' lang='lat' dir='ltr'>mos,</span> <span class='ocrx_word' id='word_1_444' title='bbox 1749 3860 1777 3887; x_wconf 68' lang='grc' dir='ltr'>ι)</span> <span class='ocrx_word' id='word_1_445' title='bbox 1798 3858 1898 3893; x_wconf 79' lang='lat' dir='ltr'>una</span> <span class='ocrx_word' id='word_1_446' title='bbox 1920 3858 2030 3895; x_wconf 90' lang='lat' dir='ltr'>cum</span> <span class='ocrx_word' id='word_1_447' title='bbox 2044 3841 2316 3909; x_wconf 80' lang='lat' dir='ltr'>juvenibus</span> <span class='ocrx_word' id='word_1_448' title='bbox 2335 3851 2386 3893; x_wconf 84' lang='lat' dir='ltr'>et</span> <span class='ocrx_word' id='word_1_449' title='bbox 2411 3840 2621 3893; x_wconf 78' lang='lat' dir='ltr'>senibus</span> 
     </span>
     <span class='ocr_line' id='line_1_73' title="bbox 1598 3922 2621 3993; baseline 0.002 -18"><span class='ocrx_word' id='word_1_450' title='bbox 1598 3922 1853 3991; x_wconf 75' lang='lat' dir='ltr'>repetiisse</span> <span class='ocrx_word' id='word_1_451' title='bbox 1861 3924 1959 3978; x_wconf 81' lang='lat' dir='ltr'>sibi</span> <span class='ocrx_word' id='word_1_452' title='bbox 1971 3924 2297 3993; x_wconf 79' lang='lat' dir='ltr'>persuadeant</span> <span class='ocrx_word' id='word_1_453' title='bbox 2308 3930 2331 3976; x_wconf 70' lang='lat' dir='ltr'>i*</span> <span class='ocrx_word' id='word_1_454' title='bbox 2340 3922 2621 3991; x_wconf 77' lang='lat' dir='ltr'>Immo,Bo-</span> 
     </span>
     <span class='ocr_line' id='line_1_74' title="bbox 1602 4006 2622 4074; baseline 0.005 -18"><span class='ocrx_word' id='word_1_455' title='bbox 1602 4007 1753 4058; x_wconf 78' lang='lat' dir='ltr'>ratius</span> <span class='ocrx_word' id='word_1_456' title='bbox 1769 4007 1970 4074; x_wconf 79' lang='lat' dir='ltr'>juvenes</span> <span class='ocrx_word' id='word_1_457' title='bbox 1988 4020 2038 4062; x_wconf 86' lang='lat' dir='ltr'>et</span> <span class='ocrx_word' id='word_1_458' title='bbox 2054 4026 2196 4062; x_wconf 75' lang='lat' dir='ltr'>senes</span> <span class='ocrx_word' id='word_1_459' title='bbox 2217 4010 2271 4062; x_wconf 87' lang='lat' dir='ltr'>in</span> <span class='ocrx_word' id='word_1_460' title='bbox 2292 4006 2622 4063; x_wconf 71' lang='lat' dir='ltr'>subducendis</span> 
     </span>
    </p>
   </div>
  </div>
 </body>
</html>
