3000 4684
818 332 1301 403 EPISTOLA
1350 331 1485 398 AD
1511 330 1964 405 ,PISONES.

353 478 815 545 Assentatores
840 472 1031 567 jubet
1059 469 1146 538 ad
1178 467 1435 538 lucrum
1468 470 1568 537 ire
1599 484 1800 563 poeta

2281 336 2424 430 497

2313 480 2430 539 420

357 592 561 661 Dives
594 592 804 686 agris,
839 588 1021 659 dives
1050 587 1283 683 positis
1318 588 1385 657 in
1419 586 1676 656 foenore
1709 589 2012 657 nummis.

359 708 431 777 si
462 733 623 778 vero
655 722 789 797 est,
822 722 1095 777 unctum
1128 705 1243 799 qui
1272 720 1453 775 recte
1484 729 1734 798 ponere
1765 706 2007 800 possit,

363 940 443 975 ma
462 922 569 990 huj.
590 922 739 989 epist.
755 936 869 990 pars
884 928 1103 971 versatur
1122 918 1173 970 in
1187 918 1367 971 deseri-

362 1008 533 1075 ptiono
565 1022 716 1076 quum
748 1014 1100 1057 assentatorum
1116 1041 1132 1069 ,
1148 1002 1237 1071 qui
1254 1019 1367 1053 ear-

364 1093 501 1145 mina
541 1090 869 1145 scribentibus
911 1086 989 1139 vel
1034 1089 1245 1139 maxime
1285 1088 1369 1136 su-

363 1177 529 1243 giendi
545 1196 562 1241 ς
579 1186 679 1227 tum
694 1174 909 1227 virorum
927 1187 1043 1225 vere
1056 1172 1307 1223 doctorum
1324 1178 1377 1221 et

368 1260 681 1329 prudentium
703 1298 717 1321 ,
738 1258 827 1326 qui
849 1258 913 1309 ab
934 1256 998 1308 iis
1016 1293 1033 1322 ,
1048 1257 1137 1325 qui
1158 1254 1375 1307 carmina

365 1340 633 1409 evulgaturi
656 1342 757 1395 sint
774 1380 790 1405 ,
812 1338 1055 1403 adeundi;
1080 1346 1160 1403 et,
1178 1346 1235 1389 ut
1254 1336 1375 1388 vitia

368 1426 421 1479 in
446 1427 546 1479 illis
566 1426 933 1479 anidmadversa
952 1422 1193 1475 benevole
1214 1438 1375 1473 mum

366 1511 746 1575 communicent,
761 1510 995 1560 decenter
1012 1504 1211 1571 rogandi
1235 1512 1367 1555 sunt.

366 1594 542 1649 Monet
560 1592 787 1662 inprimis
816 1590 1051 1644 Horatius
1064 1588 1243 1639 divites
1262 1604 1375 1657 poe-

370 1690 461 1741 tas,
478 1696 542 1731 ne
562 1679 613 1729 in
635 1675 854 1728 fraudem
874 1692 927 1725 se
946 1674 1109 1725 induci
1125 1670 1375 1739 patiantur

370 1760 435 1812 ab
451 1758 849 1820 assentatoribus,
865 1756 986 1807 lucri
1008 1753 1217 1807 faciendi
1234 1770 1377 1805 causa

370 1860 425 1895 se
440 1840 835 1903 obtrudentibus,
855 1848 907 1890 et
930 1836 1221 1890 simulanter
1241 1853 1376 1904 quae-

372 1927 474 1991 vis,
498 1934 728 1993 tanquam
752 1922 815 1973 ab
841 1923 960 1991 ipsis
983 1921 1143 1972 Musis
1162 1920 1342 1971 dictata
1360 1957 1376 1983 ,

371 2010 433 2063 ad
452 2008 619 2061 mlum
639 2022 793 2076 usque
812 2004 1178 2057 extollentibus.
1195 1998 1380 2053 Assen-

372 2102 579 2145 tatorum
607 2091 864 2156 imaginem
877 2126 894 2154 ,
917 2089 1041 2140 vivis
1059 2086 1302 2139 coloribus
1318 2086 1381 2139 ab

370 2175 576 2229 Horatio
621 2190 897 2243 expressam
913 2212 930 2237 ‚
972 2171 1153 2241 excipit
1188 2171 1379 2223 descri-

370 2261 474 2329 ptio
498 2259 654 2313 severi
677 2259 950 2313 carminum
964 2254 1165 2324 judicis,
1182 2254 1377 2324 qualem

368 2342 666 2409 Quintilium
710 2342 860 2397 fuisse
894 2340 967 2391 ait
1004 2336 1256 2390 Horatius.
1302 2334 1379 2389 Ex

366 2444 452 2478 ore
476 2428 625 2492 igitur
643 2422 877 2491 Quintilii
906 2422 973 2492 (v.
1000 2420 1265 2492 uti-4⁷0)
1290 2438 1379 2474 au-

370 2509 533 2560 dimus
551 2510 763 2577 plurima
778 2542 794 2571 ‚
812 2508 992 2575 quibus
1013 2506 1273 2574 scriptores
1288 2506 1379 2559 ob-

309 2616 323 2631 ·
372 2592 511 2643 noxii
543 2602 689 2657 sunt,
718 2590 837 2641 vitia
856 2626 872 2649 ,
905 2589 1167 2651 omnibus,
1185 2588 1273 2654 qui
1296 2587 1379 2636 illa

372 2676 539 2741 fugere
554 2673 777 2742 cupiunt,
792 2681 1019 2740 tanquam
1035 2669 1300 2737 speculum,
1321 2670 1374 2719 in

369 2757 534 2809 medio
555 2756 729 2824 posita.

442 2851 565 2894 419.
598 2838 672 2891 Ut
686 2852 861 2915 proeqo
879 2873 893 2895 ,
929 2842 1021 2886 etc.
1065 2843 1208 2901 poeta
1236 2832 1375 2884 dives

368 2932 692 2977 assentatores
718 2920 843 2971 lucri
866 2918 1091 2986 capiendi
1114 2933 1200 2985 spe
1228 2915 1292 2967 ad
1318 2932 1373 2967 se

368 3006 529 3059 allicit
563 3014 612 3058 et
650 3003 861 3067 invitat,
895 2999 1045 3051 veluti
1076 3016 1263 3067 praeeo,
1283 2997 1372 3066 qui

366 3100 579 3143 emtores
611 3088 673 3140 ad
696 3102 880 3139 merces
908 3080 1135 3136 emendas
1158 3082 1369 3149 invitat3

364 3174 441 3225 vel
464 3195 476 3225 :
520 3170 925 3242 quemadmodum
948 3183 1169 3235 prmo...
1200 3166 1267 3217 ita
1286 3166 1370 3217 di-

364 3272 450 3309 ves
481 3264 653 3325 poeta,
676 3264 767 3306 etc.
804 3250 920 3303 Non
956 3260 1069 3300 raro
1098 3247 1231 3299 enim
1260 3258 1372 3315 post

364 3342 524 3398 sicut,
556 3352 642 3397 ut,
669 3334 908 3405 particula
928 3336 999 3384 ιἰα
1023 3329 1289 3395 omittitur,
1316 3343 1372 3384 ut

366 3420 487 3472 infr.
522 3438 570 3471 v.
608 3429 742 3481 ⁴³³3
770 3418 838 3469 cf.
860 3412 1127 3469 Drakenb.
1162 3412 1223 3465 ad
1254 3414 1363 3466 Liv.

365 3502 465 3567 lx,
486 3512 569 3563 ιτ,
599 3498 696 3570 5⁴,
713 3511 764 3552 et
780 3497 1035 3559 XXXIV,
1057 3509 1105 3564 9,
1127 3514 1177 3565 p.
1208 3510 1367 3549 ιο.-

366 3584 441 3638 ad
451 3586 654 3636 lucr-um
664 3600 685 3647 ‚-
706 3584 1033 3651 pulcherrime
1045 3580 1163 3632 huic
1174 3578 1367 3634 Horatii

364 3670 470 3722 loco
498 3665 793 3736 respondent
819 3666 978 3718 Plinii
1001 3664 1150 3716 verba
1166 3702 1180 3725 ,
1202 3663 1361 3732 Epist.

361 3752 441 3818 11,
462 3766 485 3804 ¹
498 3764 554 3805 ιε
572 3770 599 3798 α
612 3748 735 3803 Heri
752 3750 849 3802 duo
866 3749 1251 3803 nomenclatores
1266 3749 1361 3800 mei

362 3838 520 3890 ternis
552 3836 769 3889 denariis
800 3834 861 3887 ad
886 3832 1179 3886 laudandum
1207 3832 1366 3885 trahe·

358 3919 567 3971 bantur:
597 3918 720 3971 tanti
737 3926 925 3971 constat
944 3926 1001 3967 ut
1016 3916 1084 3967 sis
1100 3915 1365 3969 disertissi-

363 4018 491 4056 mus.
520 4001 627 4055 Hoc
648 4002 809 4071 pretio
839 4016 1098 4053 numerosa
1134 3996 1366 4050 subsellia

510 4120 623 4155 1102.
654 4120 711 4155 n.

1436 925 1730 993 implentur:
1757 920 1850 972 hoc
1871 919 2042 985 ingens
2061 934 2235 971 corona
2258 920 2442 987 colligi.

1438 1023 1552 1063 tur:
1578 1012 1669 1061 hoc
1693 1004 1876 1059 infiniti
1891 1004 2125 1056 clamores
2140 1021 2444 1056 commoven-

1440 1102 1540 1158 tur,
1559 1106 1710 1161 quum
1732 1086 1987 1157 μεσόχορος
2011 1086 2150 1137 dedit
2176 1086 2384 1151 signum.
2411 1108 2438 1135 n

1443 1174 1680 1227 Horatius
1692 1173 1758 1223 de
1775 1171 1932 1239 poetis
1947 1206 1964 1235 ,
1984 1168 2180 1221 Plinius
2201 1179 2363 1221 autem
2383 1170 2448 1223 de

1442 1258 1720 1313 oratoribus
1747 1256 1895 1308 verba
1923 1254 2056 1305 facit.
2078 1252 2174 1305 En.
2192 1282 2261 1292 —-
2272 1256 2451 1324 pestiis

1447 1344 1506 1393 in
1528 1343 1746 1413 sinetur-e
1791 1338 2012 1389 nummis
2030 1372 2048 1397 ‚
2095 1337 2161 1388 de
2207 1335 2452 1391 locutione

1447 1443 1678 1491 nunsmos
1699 1422 1972 1493 fflsoenore
1997 1438 2188 1492 ponere
2207 1439 2325 1489 pro:
2366 1422 2454 1475 foe·

1445 1510 1556 1563 nori
1577 1510 1724 1570 dare,
1753 1503 1866 1557 vide
1893 1520 2038 1573 supra
2063 1504 2220 1573 Epod.
2241 1517 2294 1571 Ω,
2316 1522 2448 1559 vers.

1446 1592 1538 1644 ult.
1561 1601 1666 1644 not.
1689 1590 1786 1641 En.

1521 1685 1642 1727 ⁴22.
1677 1674 1914 1732 sivero,
1948 1678 2039 1724 etc.
2072 1670 2279 1722 Sensus:
2313 1670 2456 1737 Quod

1447 1760 1622 1812 sivero
1642 1769 1783 1827 poeta
1799 1758 1936 1809 dives
1959 1773 2057 1809 non
2081 1764 2158 1807 est
2179 1772 2377 1817 avarus,
2401 1764 2456 1810 ut

1447 1842 1570 1893 alias
1596 1858 1702 1893 esse
1725 1840 1885 1893 solent
1905 1839 2112 1904 divites,
2145 1839 2230 1889 sed
2256 1836 2302 1889 is
2323 1875 2337 1899 ‚
2370 1838 2458 1907 qui

1454 1924 1723 1994 (uacuam)
1759 1924 1945 1976 lautum
1973 1922 2258 1991 opsonium,
2287 1922 2458 1990 splen-

1449 2010 1620 2061 didum
1639 2008 1910 2060 convivium
1937 2007 2128 2069 (mete)
2155 2014 2210 2053 ut
2230 2004 2368 2055 decet
2391 2003 2458 2055 li·-

1450 2094 1667 2145 beralem
1676 2089 2049 2148 conviatorem,
2067 2086 2302 2157 (ponere)
2317 2104 2457 2140 men-

1434 2178 1516 2229 ‘sis
1549 2160 1832 2244 imponere,
1869 2170 2086 2225 convivis
2112 2170 2328 2232 offerre,
2367 2187 2459 2237 pro

1448 2275 1662 2328 paupere
1683 2256 1922 2325 spondere
1937 2292 1952 2320 ,
1979 2269 2188 2321 eumque
2209 2253 2456 2319 graviori·-

1450 2342 1540 2393 bus
1559 2341 1737 2392 litibus
1765 2337 2054 2407 implicitum
2079 2334 2312 2403 expedire
2340 2353 2459 2403 pos-

1446 2427 1542 2489 sit,
1571 2423 1810 2492 ejusmodi
1847 2432 1989 2491 poeta
2019 2420 2158 2471 dives
2191 2437 2288 2473 non
2317 2418 2460 2471 facile

1448 2511 1626 2563 falsum
1660 2528 1689 2562 a
1719 2525 1835 2563 vero
1871 2506 2025 2561 amico
2054 2506 2326 2571 discernet3
2359 2520 2458 2573 quo

1449 2595 1606 2661 major
1627 2594 1760 2645 enim
1784 2602 1860 2645 est
1885 2590 2180 2656 liberalitas,
2205 2606 2265 2641 eo
2283 2589 2457 2643 tectior

1446 2687 1524 2727 est
1553 2684 1904 2729 assentatorum
1940 2674 2074 2723 fraus
2105 2682 2155 2727 et
2186 2672 2446 2725 calliditas.

1447 2753 1554 2807 Atii
1579 2755 1825 2821 explicant
1849 2754 1997 2805 etiam
2025 2765 2235 2802 unctum
2262 2770 2454 2821 ponere

1447 2839 1540 2890 hoe
1561 2838 1730 2889 modo:
1751 2852 1971 2905 ponet-e,
1998 2833 2229 2887 collocare
2251 2836 2304 2887 in
2328 2835 2454 2889 lecto

1445 2918 1719 2985 triclini-i,
1755 2918 2004 2969 convivam
2034 2930 2276 2975 unctum,
2313 2917 2368 2969 h.
2399 2935 2448 2970 e.

1440 3002 1718 3055 delibutum
1733 3000 2014 3067 unguentis.
2039 2998 2256 3052 Nonnisi
2268 3001 2453 3054 scilicet

1442 3087 1702 3153 unguentis
1722 3084 1932 3137 delibuti
1953 3083 2211 3151 splendido
2229 3084 2449 3150 convivio

1442 3172 1681 3222 interesse
1695 3176 1882 3219 veteres
1897 3174 2036 3218 erant
2051 3164 2201 3218 soliti.
2227 3166 2344 3220 floec
2359 3184 2448 3220 au-

1441 3264 1540 3306 tem
1574 3253 1778 3324 quaesita
1812 3250 1936 3303 mihi
1972 3250 2168 3302 videtur
2201 3250 2448 3319 interpre-

1440 3338 1578 3390 tatio.
1599 3336 1700 3388 En.
1714 3364 1784 3375 --
1800 3334 2024 3387 Une-tum
2038 3370 2056 3396 ‚
2083 3332 2338 3386 subintell.
2359 3352 2445 3405 op-

1439 3422 1641 3475 sonium
1658 3443 1674 3471 .-
1702 3420 1934 3472 siminter
1948 3417 2176 3478 Penius,
2198 3416 2300 3469 sn.
2324 3402 2436 3488 111,

1441 3517 1573 3559 tos:
1608 3526 1635 3555 α
1660 3504 1828 3557 Uncta
1851 3503 2034 3557 cadunt
2057 3500 2184 3553 laxis
2200 3512 2304 3575 tum
2325 3504 2440 3571 pul-

1436 3590 1679 3644 mentaria
1697 3589 1868 3641 labris.
1895 3608 1922 3637 1·
1954 3587 2130 3639 Facete
2156 3586 2404 3639 Martialis
2422 3626 2440 3653 ‚

1436 3672 1722 3744 Epignw,
1739 3685 1824 3733 47,
1846 3683 1898 3723 ¹:
1922 3690 1948 3718 σι
1964 3669 2108 3736 Quod
2133 3681 2229 3721 tam
2257 3670 2438 3736 grande

1432 3760 1610 3828 sophos
1628 3756 1802 3811 elamat
1821 3756 1916 3808 tibi
1939 3755 2081 3807 turba
2105 3763 2292 3821 togata3
2319 3754 2434 3807 Non

1436 3852 1512 3907 tu,
1533 3840 1792 3908 Pomponi,
1813 3854 1948 3891 aaa
1965 3837 2150 3889 diserta
2175 3846 2260 3887 tua
2282 3846 2374 3889 est.
2403 3858 2430 3885 >i

1435 3924 1776 3979 Assentatores
1790 3922 1908 3973 istos
1917 3917 2112 3971 Plinius
2117 3918 2287 3984 junior
2297 3914 2438 3969 Lau·

1435 4002 1670 4060 deboems
1702 4002 1936 4073 appellat.
1965 4000 2061 4053 En.
2087 4028 2154 4040 -—
2181 3998 2252 4051 Et
2283 4019 2437 4073 spon..

2058 4089 2148 4161 32
