3000 4684
514 389 643 434 112

1072 361 1160 448 Q.
1214 359 1640 430 HORATH
1688 360 2038 430 FLACCI

500 506 729 576 Comis
764 519 833 574 et
864 503 1199 594 urbanus3
1238 501 1443 572 fuerit
1476 499 1776 572 limatior
1807 502 2022 592 idem,

498 625 723 712 Quam
759 620 943 692 rudis
978 637 1043 690 et
1076 621 1330 691 Graecis
1362 621 1602 690 intacti
1635 621 1952 691 carminis
1985 635 2254 710 auctor,

498 743 855 835 Quamque
884 753 1241 836 poetarum
1276 739 1615 809 seniorum
1652 740 1880 810 turba:
1922 737 2040 810 sed
2072 737 2220 829 ille,

499 861 575 930 Si
609 859 786 930 foret
814 860 947 930 hoe
982 875 1285 930 nostrum
1321 855 1462 929 fato
1497 855 1754 927 delatus
1785 857 1858 926 in
1889 881 2138 946 aevum,

502 983 860 1050 Deteret-et
890 979 1019 1049 sibi
1050 975 1299 1067 multa;
1332 976 1668 1047 recideret
1699 1000 1901 1046 omne
1917 1027 1937 1066 ,
1971 973 2154 1070 quod
2187 972 2364 1046 ultra

502 1098 883 1169 Perfectum
914 1097 1341 1186 trahet-etum
1378 1113 1447 1167 et
1482 1095 1554 1166 in
1593 1119 1788 1166 versu
1826 1094 2138 1165 faciendo

506 1218 691 1311 Saepe
727 1232 930 1312 caput
964 1217 1304 1307 scaberet,
1338 1217 1526 1286 vivos
1565 1229 1634 1285 et
1669 1213 1947 1285 roderet
1979 1237 2256 1311 ungues.

504 1337 692 1430 Saepe
722 1334 949 1406 stilum
980 1350 1241 1424 vertas,
1274 1336 1560 1425 iterum,
1593 1358 1738 1429 quae
1773 1333 1982 1430 digna
2013 1332 2149 1430 legi
2179 1333 2348 1420 sint,

505 1453 926 1548 Scriptums3
963 1478 1180 1548 neque
1198 1507 1217 1544 ,
1252 1469 1319 1524 te
1358 1469 1435 1525 ut
1468 1453 1754 1524 miretur
1791 1453 1992 1522 turba
2007 1505 2027 1542 ,
2064 1451 2332 1522 labores
2351 1501 2371 1540 ‚

2531 495 2610 558 65

2530 1111 2605 1165 70

504 1646 691 1716 Ennio,
714 1657 767 1702 et
789 1648 903 1701 aliis
924 1649 1245 1718 scriptoribus
1264 1649 1519 1718 antiquio-

506 1731 663 1796 ribus,
680 1732 766 1785 sed
783 1732 1003 1784 Lucilius
1023 1732 1127 1800 ipse
1139 1731 1181 1783 si
1197 1741 1363 1786 nostra
1376 1741 1520 1784 etate

509 1815 726 1880 viveret,
766 1815 919 1867 multa
962 1815 1059 1866 sibi
1092 1815 1339 1866 detereret
1371 1825 1520 1885 atque

507 1897 752 1952 recideret
766 1936 783 1966 ‚
820 1917 909 1952 nec
938 1898 1079 1952 brevi
1104 1898 1339 1967 temporis
1358 1899 1522 1966 spatio

509 1985 689 2036 multos
710 2001 879 2036 versus
896 1994 1083 2036 temere
1101 1983 1414 2050 effunderet,
1436 1983 1524 2036 sed

512 2065 567 2118 in
582 2084 727 2118 versu
744 2067 972 2118 faciendo
984 2082 1113 2136 saepe
1124 2075 1271 2134 caput
1282 2065 1524 2132 scaberet,

506 2160 556 2202 et
578 2151 711 2201 vivos
731 2165 916 2216 ungues
944 2149 1173 2212 roderet,
1210 2149 1267 2200 h.
1300 2167 1349 2200 e.
1382 2167 1525 2201 sum-

508 2249 638 2285 mam
670 2248 837 2284 curam
870 2242 921 2282 et
949 2231 1259 2298 diligentiam
1284 2231 1337 2284 in
1364 2249 1522 2299 expo-

506 2317 689 2368 liendis
706 2316 931 2368 versibus
955 2324 1255 2384 poneret„-
1263 2327 1450 2368 aucoor·
1460 2316 1524 2367 ad

507 2401 685 2454 Satira!
722 2400 1027 2452 inventorem
1044 2437 1059 2462 ,
1094 2397 1345 2450 Lucilium
1366 2435 1381 2462 ‚
1410 2415 1524 2450 cum

511 2483 804 2538 Heindorfio
850 2492 902 2534 et
942 2482 1057 2534 aliis
1102 2481 1279 2534 referri
1316 2483 1522 2552 nequit;

512 2579 698 2620 auctor·
718 2567 823 2635 jam
846 2575 922 2618 est
940 2566 1169 2634 scriptor,
1194 2576 1247 2618 et
1268 2575 1398 2620 totns
1416 2585 1528 2620 ver-

510 2669 626 2704 sus:
651 2671 679 2699 «
701 2649 861 2718 Quam
896 2651 1031 2704 rudis
1058 2661 1110 2702 et
1134 2649 1324 2704 Graecis
1352 2651 1526 2704 intacti

508 2735 745 2790 carminis
758 2743 949 2796 auctor,
973 2755 1000 2782 n
1022 2733 1272 2802 eleganter
1290 2734 1529 2804 exprimit

512 2821 759 2890 simplices
777 2837 945 2874 voces:
978 2821 1147 2886 Quam
1158 2817 1372 2872 Ennius
1381 2837 1401 2884 ,·
1422 2819 1527 2871 En-

514 2905 629 2956 nius
650 2905 787 2956 enim
809 2913 885 2958 est
904 2905 1113 2972 scriptor
1126 2904 1362 2956 carminis
1379 2901 1528 2954 rudis

514 2987 767 3052 (nondum
790 2985 1170 3054 elegantioribus
1190 2987 1409 3038 numeris
1434 2987 1528 3038 ad·

512 3071 694 3132 stricti,
712 3071 931 3123 nondum
948 3081 1057 3122 arte
1074 3069 1335 3132 elaborati,
1350 3081 1399 3122 et
1414 3070 1530 3122 mol—

516 3155 617 3208 lius
636 3155 858 3220 fluentis)
880 3166 929 3204 et
947 3154 1144 3206 Groecis
1164 3153 1347 3204 ἰηωειί
1363 3153 1529 3221 (quale

522 3257 621 3290 non
638 3239 943 3306 scripserunt
952 3229 1107 3304 poetae
1120 3234 1285 3288 Graeci
1300 3254 1317 3300 ;
1337 3237 1535 3304 scripsit

514 3311 652 3374 enini
661 3321 858 3374 Ennius
868 3318 1535 3374 Annalesnomanorumfide

518 3403 792 3473 historica);
805 3421 894 3472 pro
903 3400 1049 3452 rudis
1062 3415 1110 3454 et
1122 3402 1371 3470 ingeniose
1384 3413 1465 3454 ten
1472 3411 1538 3454 ta-

520 3489 608 3542 bat
623 3487 944 3541 Casaubonus
964 3485 1027 3538 de
1044 3485 1187 3537 Rom.
1213 3485 1316 3538 Sat.
1336 3501 1389 3553 p.
1407 3495 1534 3554 2⁸⁸,

522 3571 747 3632 Badius,
763 3583 822 3626 ut
836 3581 1035 3625 vocatur
1048 3570 1244 3623 Ennius
1256 3587 1285 3622 a
1298 3569 1536 3622 Cicerone

524 3661 577 3711 in
610 3657 753 3712 Orat.
790 3675 881 3727 pro
912 3656 1068 3709 Λεὼ.
1102 3674 1151 3708 c.
1178 3666 1273 3722 ιο,
1312 3671 1344 3708 a
1376 3654 1538 3722 patria

520 3739 729 3804 studiis,
750 3743 932 3812 oppido
952 3743 1007 3796 in
1029 3739 1279 3794 Calabria.
1302 3767 1373 3779 —
1386 3739 1540 3790 Deoe-

522 3837 685 3885 rer-et,
708 3825 1011 3878 detraheret.
1044 3825 1140 3880 En.
1165 3853 1235 3864 —-
1258 3819 1531 3882 recideret,

464 3933 476 3942 ¹
518 3915 803 3976 amputaret
827 3911 996 3962 omnia
1020 3924 1407 3978 supervacanes;
1427 3923 1538 3976 qum

524 3990 764 4044 nimirum
784 3991 1051 4044 uehuntur
1062 4001 1113 4044 et
1128 3991 1535 4054 seceduntsdea,

522 4075 751 4150 quoiam
768 4075 985 4148 perfecta
1002 4087 1149 4145 sunt,
1170 4087 1401 4148 tanquam
1421 4075 1537 4128 ina-

1587 1648 1677 1699 'nis
1689 1657 1997 1712 ornamenta,
2011 1645 2270 1700 onerantia
2283 1645 2446 1716 potius
2457 1661 2606 1715 quam

1587 1730 1834 1784 ornantia.
1855 1730 1956 1782 En.
1977 1756 2047 1771 --
2064 1743 2228 1802 caput
2241 1730 2482 1790 scaberet,
2507 1731 2604 1783 fri-

1587 1827 1740 1882 cant,
1755 1815 2005 1884 unguibus
2015 1814 2268 1883 scalperet.
2279 1815 2602 1872 lta-vnvm,

1589 1901 1652 1952 ad
1673 1900 1838 1952 vivum
1865 1916 2040 1969 nsque.
2074 1898 2148 1949 De
2175 1908 2320 1966 poete
2353 1896 2607 1965 negligen-

1597 1985 1694 2037 tius
1729 1985 1980 2039 scribente
2013 1983 2156 2034 Pers.
2192 1982 2252 2048 1,
2287 1992 2420 2034 ¹06:
2456 1979 2610 2032 «Nec

1595 2069 1816 2138 pluteum
1851 2067 2024 2128 cadit,
2059 2067 2309 2118 demorsos
2349 2083 2442 2118 nec
2479 2064 2612 2134 sapit

1599 2168 1801 2219 ungues.
1819 2171 1847 2200 s
1869 2150 2066 2202 Scilicet
2080 2147 2266 2202 auctori
2289 2147 2340 2198 in
2361 2146 2610 2214 poliendis

1595 2238 1793 2306 scripfis
1811 2235 2000 2288 curiose
2025 2233 2219 2286 intento
2249 2247 2352 2282 mos
2383 2229 2468 2282 ille
2497 2240 2606 2294 est,

1597 2331 1654 2372 ut
1677 2321 1778 2374 sibi
1807 2329 1954 2388 caput
1973 2317 2126 2370 cadat
2141 2354 2156 2378 ‚
2181 2326 2234 2369 et
2259 2329 2444 2380 ungues
2467 2331 2609 2370 mor-

1594 2405 1726 2458 deat.
1751 2406 1816 2459 In
1833 2405 1984 2456 Sotir.
2008 2416 2035 2456 '1
2055 2401 2276 2454 Bolaeus:
2305 2418 2332 2446 «ι
2354 2399 2456 2452 J’ai
2477 2398 2612 2452 beau

1599 2488 1774 2541 frotter
1794 2504 1910 2540 mon
1935 2487 2071 2538 front
2083 2523 2102 2552 ,
2133 2484 2222 2554 j’ai
2253 2484 2382 2556 beau
2410 2483 2609 2546 mordre

1599 2587 1703 2624 mes
1721 2571 1901 2638 doigts.
1927 2589 1955 2623 n
1982 2569 2081 2621 En.

1674 2666 1760 2708 ⁸12.
1803 2653 1952 2724 Soepe
1985 2653 2160 2704 stilum
2197 2664 2404 2713 ver-tas,
2443 2667 2605 2718 saepe,

1593 2754 1704 2806 quae
1735 2735 2008 2805 scripsisti,
2037 2735 2203 2787 deleas
2223 2736 2326 2787 sive
2343 2733 2603 2786 emendes:

1595 2819 1702 2873 stili
1717 2821 1850 2874 enim
1863 2856 1880 2888 ‚
1899 2837 1999 2890 quo
2021 2820 2180 2872 literoe
2201 2837 2324 2872 cerae
2350 2818 2608 2887 imprime-

1597 2903 1807 2970 bantur,
1836 2919 1950 2972 pars
1975 2903 2202 2972 superior
2226 2903 2326 2953 fuit
2345 2901 2471 2962 lata,
2507 2901 2612 2954 sive

1599 2987 1770 3056 plana,
1793 2987 1862 3038 its
1879 2987 2082 3056 quidem
2097 3026 2112 3052 ‚
2137 2997 2192 3040 ut
2213 2987 2305 3039 bac
2329 2985 2505 3038 latiore
2529 2987 2614 3038 in-

1599 3070 1727 3122 versi
1743 3068 1847 3122 stili
1861 3079 2000 3138 parte
2011 3071 2162 3122 verba
2174 3070 2280 3122 loco
2295 3087 2382 3122 suo
2390 3069 2552 3122 deleri
2565 3080 2618 3123 et

1599 3154 1782 3208 mutari
1812 3163 2030 3222 possent.
2045 3182 2115 3191 —
2131 3147 2334 3214 tier-itm,
2349 3170 2492 3226 quoe,
2517 3162 2614 3204 ete.

1603 3248 1661 3292 ut
1685 3237 1752 3290 de
1781 3237 1972 3302 integro
1992 3237 2122 3290 lectu
2145 3237 2369 3304 digniora
2399 3237 2620 3304 scribas3

1605 3321 1787 3390 repetit
1805 3321 1898 3372 boc
1915 3335 2120 3372 aureum
2142 3327 2438 3390 praeceptum
2458 3318 2625 3372 Hora-

1607 3405 1706 3456 tius
1728 3403 1851 3456 infr.
1891 3402 2055 3471 Epist.
2083 3402 2162 3465 11,
2187 3413 2240 3468 2,
2262 3413 2362 3454 109
2384 3419 2494 3470 sqq.
2513 3401 2624 3454 «At

1603 3488 1692 3558 qui
1717 3487 1990 3555 legitimum
2016 3487 2186 3556 cupiet
2213 3487 2384 3538 secisse
2415 3503 2620 3556 poema,

1606 3572 1735 3626 Cum
1757 3573 1942 3626 tabulis
1965 3572 2190 3624 animum
2209 3569 2440 3624 Censoris
2463 3579 2627 3622 sumet

1607 3659 1836 3724 bonesti3
1857 3657 2095 3720 Audebit,
2113 3673 2430 3726 quascumque
2449 3672 2622 3726 parum

1605 3744 1881 3813 splendoris
1905 3744 2180 3804 habebunt,
2203 3743 2270 3796 Et
2285 3744 2394 3795 sine
2411 3741 2628 3810 pondere

1608 3837 1758 3879 erunt
1771 3861 1788 3894 ,
1827 3837 1879 3880 et
1915 3828 2102 3880 honore
2144 3826 2346 3892 indigna
2383 3827 2626 3892 ferenmr,

1609 3907 1780 3962 V-erba
1817 3926 2015 3962 movere
2046 3909 2152 3962 loco
2171 3947 2188 3974 ,
2221 3909 2444 3978 quamvis
2473 3907 2628 3960 invita

1609 3991 1854 4045 recedant.
1881 4011 1910 4040 ι)
1933 4021 2000 4030 —-
2021 4009 2224 4065 neque,
2249 4004 2296 4044 ιε
2326 4005 2385 4044 ut
2411 3993 2634 4044 Μίκων·

1609 4075 1780 4137 turha,
1801 4074 1999 4130 labem
2009 4093 2028 4139 ,·
2051 4093 2148 4129 neu
2166 4075 2359 4130 labores
2377 4077 2430 4128 in
2449 4077 2564 4144 hoc,
2575 4085 2633 4127 ut
