3000 4684
893 447 1381 516 EPISTOLA
1435 451 1569 517 AD
1624 451 2057 520 PISONES.

2377 451 2527 550 457·

429 583 777 653 Interdum
817 600 1042 655 tamen
1081 601 1148 656 et
1185 584 1415 658 vocem
1454 587 1787 658 comoedia
1828 587 2040 679 tollit,

433 703 782 796 Iratusque
815 703 1138 774 Chremes
1173 705 1432 775 tumido
1469 705 1777 803 delitigat
1810 732 1969 776 ore:

437 823 524 889 Et
556 824 844 916 tragicus
875 820 1268 920 plerumque
1299 823 1485 896 dolet
1514 829 1824 896 sermone
1858 825 2170 921 pedestri.

2446 827 2523 904 95

436 938 770 1034 Telephus
797 957 863 1012 et
888 941 1150 1033 PeleuS,
1179 969 1383 1038 quum
1414 968 1671 1038 pauper
1698 963 1767 1014 et
1792 943 1974 1014 exsul
2002 960 2281 1039 uterque

440 1059 719 1152 Projicit
751 1059 1074 1155 ampullas
1105 1078 1174 1132 et
1206 1062 1685 1158 sesquipedalia
1723 1065 1922 1133 verba
1944 1119 1962 1152 ,

383 1272 392 1280 »
434 1243 519 1294 dia
538 1259 674 1297 sooeo
689 1245 976 1312 ingreditur.
997 1269 1023 1297 n
1045 1247 1205 1302 Cicer.
1232 1267 1444 1320 quoque,

436 1329 500 1379 de
519 1327 711 1398 optim.
731 1347 842 1398 gen.
877 1329 1018 1385 Orat.
1047 1333 1099 1385 in
1126 1333 1244 1386 libri
1263 1333 1448 1404 princi-

437 1411 552 1479 pio:
589 1429 618 1458 ι
640 1429 753 1464 nam
784 1426 834 1466 et
865 1415 918 1466 in
952 1418 1180 1484 trsgoedia
1211 1420 1448 1471 comicum

437 1495 672 1549 vitiosum
708 1509 815 1565 est,
856 1509 908 1552 et
943 1500 998 1552 in
1031 1503 1260 1556 comoedia
1303 1513 1450 1572 turpe

438 1581 693 1647 tragicum.
720 1603 748 1630 ν
771 1581 866 1634 En.

515 1673 600 1712 oz.
635 1663 904 1715 Imm-dum
931 1679 1130 1744 cumen,
1155 1677 1251 1721 etc.
1281 1669 1449 1721 Inter-

439 1743 558 1794 dum
575 1745 724 1796 etiam
749 1747 802 1798 in
822 1749 1054 1802 comoedia
1071 1789 1086 1812 ,
1109 1768 1260 1820 quum
1285 1753 1452 1820 prodit

437 1827 586 1882 homo
597 1829 809 1894 graviter
817 1843 1104 1900 commotus,
1119 1835 1278 1888 locum
1300 1837 1450 1890 habet

355 1951 364 1959 .
439 1912 598 1963 oratio
607 1911 920 1984 nomitatim-3
941 1917 1058 1969 hinc
1068 1917 1305 1974 Chremes
1318 1922 1450 1990 apud

437 1991 733 2046 Terentium
755 1997 972 2062 (Heaut.
997 2011 1090 2052 act.
1109 2001 1230 2070 V),
1257 2003 1330 2056 ira
1365 2014 1449 2056 tu—

438 2093 599 2142 mens,
615 2081 753 2132 saevit
769 2092 819 2134 et
838 2083 1024 2154 litigat3
1048 2086 1298 2139 interdum
1318 2089 1450 2158 (ple-

435 2176 673 2232 rumque,
699 2163 766 2216 cf.
790 2183 928 2234 supr.
953 2185 998 2218 v.
1020 2181 1082 2222 u
1097 2189 1111 2236 3
1129 2184 1179 2222 et
1193 2172 1448 2240 tragicus)

437 2242 490 2295 in
515 2248 742 2316 tragoedia
772 2267 968 2320 quoque
999 2269 1206 2322 persona
1224 2293 1241 2321 ,
1265 2256 1317 2306 in
1339 2274 1447 2308 sce·

434 2343 546 2378 nam
579 2331 838 2405 producta,
871 2334 1138 2392 humiliore
1161 2337 1440 2409 (pedestri)

430 2429 655 2466 sermone
670 2416 889 2472 dolorem
907 2423 1144 2490 exprimit
1161 2445 1176 2492 3
1211 2426 1282 2478 sic
1300 2427 1450 2480 Tele-

431 2498 564 2564 phus
579 2508 631 2548 et
647 2497 840 2563 Peleus,
859 2513 980 2571 tum,
998 2523 1150 2575 quum
1171 2509 1300 2562 alter
1317 2528 1446 2578 pau-

436 2595 546 2644 per,
559 2578 680 2630 alter
693 2583 826 2632 exsul
847 2595 940 2648 est,
961 2584 1202 2660 (uterque
1217 2591 1272 2640 εἰ
1281 2592 1448 2660 cum)

435 2662 482 2712 si
497 2672 700 2730 uterque
716 2664 766 2715 id
777 2669 971 2735 assequi
983 2677 1156 2732 tentat,
1167 2682 1224 2723 ut
1231 2674 1450 2728 animum

439 2749 753 2814 spectatoris,
772 2751 996 2817 querelas
1025 2753 1278 2808 fundendo
1293 2795 1310 2818 ‚
1334 2769 1448 2809 tan-

437 2841 518 2898 gat
533 2868 550 2893 ,
588 2830 718 2882 haud
757 2849 886 2884 nunc
925 2835 1263 2906 magniloquus
1299 2839 1448 2890 verba

437 2915 694 2982 grandiora
721 2917 874 2982 jactat
890 2954 906 2976 ‚
935 2919 1019 2970 sed
1039 2937 1154 2972 voce
1169 2921 1374 2990 querula
1398 2933 1452 2974 et

438 2999 680 3051 submissa
712 2999 1076 3056 miserationem
1113 3023 1308 3060 movere
1338 3016 1448 3058 stu-

436 3083 814 3136 det.—-vocem
845 3083 1094 3138 comoedzzx
1116 3089 1273 3147 tolla,
1305 3090 1355 3140 in
1386 3089 1448 3142 iis

435 3171 706 3238 prasertim
731 3171 876 3222 rebus
893 3210 909 3238 ,
937 3189 1048 3241 quae
1067 3175 1312 3226 comoediae
1331 3186 1449 3226 sunt

433 3269 544 3304 cum
569 3255 798 3320 tragoedia
813 3272 1115 3308 communes.
1137 3255 1266 3308 Sunt
1282 3267 1444 3308 autem

436 3341 715 3391 communes
741 3339 946 3392 affectus
965 3379 981 3404 ‚
1015 3341 1090 3392 ira
1110 3351 1163 3416 et
1180 3340 1339 3402 dolor,
1358 3343 1444 3410 qui

437 3420 490 3471 in
511 3431 625 3472 utro
645 3432 793 3474 erunt
824 3423 990 3491 scripti
1025 3439 1202 3488 genere
1219 3461 1234 3490 ,
1257 3440 1450 3493 semper

435 3501 644 3556 colorem
681 3507 948 3558 verborum
980 3505 1234 3559 habebunt
1279 3523 1444 3557 suum.

438 3585 652 3653 Quintil.
669 3587 842 3655 lib.x,
862 3601 915 3658 Β,
933 3602 1028 3642 23:
1055 3611 1082 3638 α
1103 3589 1267 3642 Habet
1286 3601 1448 3642 tamen

437 3673 599 3725 omnis
611 3672 887 3742 eloquentia
899 3675 1090 3743 aliquid
1101 3692 1380 3727 commune:
1400 3677 1447 3728 id

435 3757 710 3822 imitemur,
727 3758 858 3827 quod
881 3777 1134 3810 commune
1167 3769 1260 3812 est.
1291 3780 1316 3808 ιο
1343 3761 1440 3812 Eo.

510 3853 597 3894 9⁴.
613 3842 876 3912 Delitigat,
893 3834 1130 3911 particula
1141 3841 1203 3894 de
1225 3843 1274 3894 in
1298 3845 1448 3898 verbo

435 3927 700 3994 composito
715 3925 985 3997 delitigane
1012 3927 1258 3980 notionem
1281 3938 1444 3994 auget,

439 4019 498 4058 ut
513 4013 580 4059 sit
601 4009 736 4061 sere:
761 4009 1081 4062 veliementer
1099 4011 1225 4062 etad
1249 4012 1443 4063 satieta-

438 4099 538 4142 tem
579 4109 730 4160 usque
774 4093 966 4160 litigare
987 4114 1003 4160 ;
1047 4092 1118 4144 sic
1159 4091 1401 4144 desoevim
1421 4129 1438 4152 ,

440 4186 572 4239 supr.
591 4171 684 4241 Ep.
715 4175 756 4236 1,
784 4187 830 4238 5,
860 4187 940 4228 14.
961 4205 1028 4216 --
1048 4177 1307 4244 tragicus,
1337 4193 1444 4244 1²0¹·-

1518 1267 1635 1302 sona
1657 1287 1673 1312 ,
1710 1265 1821 1320 qum
1853 1249 2163 1319 queribunda
2205 1249 2257 1298 in
2304 1249 2531 1315 tragoedia

1522 1332 1801 1400 inducitur;
1824 1333 1897 1384 sic
1918 1331 2118 1384 Orestes
2133 1367 2150 1398 ‚
2168 1332 2255 1400 qui
2282 1329 2450 1384 furens
2477 1333 2529 1383 in

1522 1417 1752 1484 tragoedia
1776 1415 2043 1482 inducitur,
2064 1415 2297 1486 mugiens
2320 1416 2534 1484 appella·

1524 1511 1623 1552 tur.
1657 1500 1761 1554 Cic.
1806 1501 1857 1552 in
1881 1501 2053 1554 Pison.
2088 1517 2133 1552 c.
2170 1509 2323 1551 202«
2346 1499 2451 1566 Ego
2484 1511 2534 1553 te

1523 1601 1621 1636 non
1657 1585 1907 1638 vecordem
1927 1623 1941 1652 ‚
1979 1602 2079 1638 non
2116 1584 2355 1636 furiosum
2376 1623 2393 1647 ,
2431 1603 2531 1638 non

1522 1680 1685 1721 mente
1701 1679 1919 1738 captum,
1932 1687 2031 1722 non
2051 1671 2229 1736 tragico
2249 1669 2336 1722 illo
2352 1668 2534 1722 Oreste

1523 1764 1609 1805 aut
1621 1751 1663 1806 A
1672 1754 1921 1806 thamante
1932 1753 2283 1805 dementiorem
2302 1753 2531 1820 putem?»

1598 1847 1682 1890 96.
1716 1836 2000 1907 Telephus,
2024 1838 2154 1889 filius
2178 1836 2426 1903 Herculis,
2448 1854 2534 1889 rex

1521 1919 1882 1989 Mysia-„quum
1901 1920 2099 1987 vulnus,
2116 1920 2245 1989 quod
2266 1921 2329 1972 ab
2340 1919 2535 1972 Achille

1524 2012 1789 2070 acceperat,
1814 2003 2079 2054 secundum
2100 2003 2281 2054 oraculi
2303 2003 2533 2062 effatum,

1524 2086 1623 2139 nisi
1648 2085 1770 2138 illud
1796 2087 1965 2139 eade-
1991 2088 2141 2138 bastae
2170 2088 2372 2156 cuspide
2390 2124 2405 2146 ‚
2436 2104 2535 2157 qua

1524 2167 1764 2220 inflictum
1778 2179 1925 2234 esset,
1948 2179 2238 2236 tangeretur,
2252 2170 2415 2222 sanari
2434 2187 2531 2222 uon

1523 2262 1686 2320 posset
1702 2289 1719 2316 ,
1740 2262 1897 2304 castra
1917 2252 2131 2305 Achillis
2152 2254 2276 2306 adiit
2293 2291 2309 2316 ,
2332 2264 2385 2305 et
2407 2253 2535 2305 hanc
2640 2249 2647 2254 ’

1520 2335 1711 2388 veniam
1742 2335 1807 2386 ab
1830 2353 1889 2387 eo
1922 2335 2097 2404 petiit,
2118 2345 2169 2390 et
2185 2337 2385 2407 quidem
2400 2356 2535 2409 pau·

1508 2435 1624 2487 per,
1653 2418 1707 2469 h.
1732 2435 1777 2470 e.
1803 2418 1972 2470 miseri
1996 2429 2047 2470 et
2072 2413 2392 2488 supplicantis
2425 2437 2534 2488 spe-

1515 2503 1640 2554 ciem
1676 2519 1777 2573 pre
1810 2520 1863 2555 se
1896 2503 2379 2578 femme—Peleus,
2406 2505 2539 2556 filius

1522 2583 1661 2638 AEaci
1684 2623 1699 2648 ‚
1719 2587 1783 2638 ob
1808 2586 2008 2639 fratrem
2030 2587 2246 2641 Phocum
2266 2627 2283 2651 ,
2310 2605 2341 2640 a
2365 2606 2419 2640 se
2439 2605 2531 2641 οω-

1522 2683 1648 2724 sum,
1670 2667 1824 2718 solum
1842 2678 2032 2720 vertere
2045 2679 2097 2720 et
2109 2687 2169 2721 ex
2183 2673 2341 2738 patria
2357 2669 2535 2738 AEgina

1525 2749 1577 2800 in
1619 2749 1929 2802 Thessaliam
1976 2752 2144 2817 fugere
2184 2763 2375 2804 coactus
2418 2763 2493 2806 est
2516 2772 2537 2818 ;

1520 2832 1640 2883 hinc
1659 2832 1812 2882 exsul
1831 2833 2031 2884 dicitur.
2055 2861 2125 2871 —-
2143 2833 2215 2885 De
2236 2835 2461 2902 Telepho
2484 2847 2538 2888 et

1522 2914 1670 2966 Peleo
1698 2916 1950 2981 tragoedias
1979 2917 2307 2983 composuisse
2340 2919 2535 2970 videtur

1523 2996 1803 3066 Euripides.
1829 2996 1977 3049 Conf.
2001 2996 2261 3066 Aristoph.
2286 2999 2415 3051 Rau.
2436 3011 2531 3052 act.

1520 3079 1621 3146 111,
1638 3099 1704 3132 sc.
1726 3092 1756 3132 3
1774 3101 1785 3132 ε
1808 3083 1922 3133 item
1939 3082 2157 3134 Acharn.
2177 3093 2269 3134 act.
2283 3083 2381 3146 IV,
2394 3101 2463 3136 sc.
2476 3095 2529 3136 Β.

1522 3163 1663 3232 (vid.
1687 3164 1997 3230 Excurs.V1,
2018 3164 2081 3216 ad
2102 3165 2325 3234 mlcem.)
2346 3166 2442 3218 En·

1594 3259 1675 3302 9⁷.
1715 3247 1943 3322 ijicit
1975 3246 2350 3319 (dnossffln);
2396 3250 2529 3317 abji-

1519 3335 1619 3398 cit,
1668 3335 1859 3404 rejicit,
1896 3346 2141 3402 removet,
2178 3335 2383 3404 deponit
2417 3353 2533 3386 am-

1512 3419 1693 3488 pullas
1705 3455 1723 3479 ,
1760 3421 1865 3472 sive
1907 3420 2123 3473 abstinet
2160 3421 2225 3470 ab
2270 3421 2530 3490 ampullss.

1518 3505 1848 3576 —ampulla,
1868 3507 2065 3574 proprie
2090 3505 2327 3574 lecythus,
2345 3522 2429 3556 vas
2446 3523 2537 3557 an-

1518 3598 1653 3652 gusto
1688 3587 1841 3644 collo.
1874 3588 1963 3640 aed
1997 3599 2169 3640 ventre
2204 3589 2453 3656 capaciore
2479 3601 2535 3640 et

1522 3670 1712 3734 turgido
1731 3707 1745 3736 ‚
1785 3671 1835 3722 in
1869 3687 1969 3738 quo
2008 3670 2170 3724 oleum
2210 3670 2437 3740 inprimis
2480 3683 2533 3726 et

1519 3762 1705 3806 acetum
1748 3753 1933 3806 servari
1960 3755 2165 3806 solebat.
2192 3755 2273 3806 Ab
2310 3756 2401 3808 hac
2423 3775 2530 3808 am-

1510 3835 1677 3904 pulloe
1700 3835 1875 3900 forma,
1899 3839 2086 3904 turgida
2104 3849 2156 3889 et
2179 3839 2347 3890 inflata
2364 3841 2529 3909 quasi,

1520 3919 1751 3974 translate
1766 3921 1912 3973 dicun
1919 3932 2001 3974 tur
2012 3923 2255 3992 ampulloe
2272 3925 2419 3977 verba
2434 3937 2529 3979 tur-

1516 4005 1626 4070 gida
1640 4043 1655 4067 ,
1672 4015 1871 4058 ventosa
1888 4044 1901 4068 ‚
1926 4007 2177 4072 magnifica
2192 4046 2207 4074 ‚
2224 4010 2403 4077 quibus
2422 4012 2531 4064 fene

1515 4106 1569 4142 se
1604 4090 1793 4155 jactant
1835 4091 2138 4162 grandiloqui
2160 4113 2175 4158 ς
2217 4095 2334 4146 hinc
2378 4109 2529 4162 supra.

1516 4173 1677 4242 Epist.
1705 4174 1753 4243 1,
1779 4185 1827 4241 ³,
1858 4187 1939 4242 t-t,
1960 4178 2255 4246 ampullari,
2285 4177 2527 4249 magnilo-
