3000 4684
604 343 747 430 [μθ
1164 341 1252 430 Q.
1306 343 1725 413 HORATII
1773 347 2130 420 FLACCI

601 483 945 554 Adsciscet
976 502 1185 568 nova,
1216 502 1363 574 quae
1395 482 1662 575 genitor
1694 483 2090 579 produxerit
2119 511 2294 558 usus.

600 600 983 672 Vehemens
1016 610 1086 665 et
1114 593 1403 689 liquidus
1434 622 1736 694 puroque
1767 599 2142 674 simillimus
2172 607 2356 676 amni

598 715 867 790 Fundet
895 739 1093 810 opes,
1130 715 1528 810 Latiumque
1561 717 1792 789 beabit
1821 719 2028 791 divite
2060 720 2310 820 lingua.

596 831 1037 907 Luxuriantia
1073 847 1483 925 compescet,
1523 833 1723 904 nimis
1757 859 1995 930 aspera
2031 861 2195 910 sano

592 951 877 1024 Levabit
910 947 1093 1019 cultu
1108 1000 1128 1038 ,
1164 948 1411 1018 virtute
1445 952 1744 1021 carentia
1781 950 2006 1023 tollet:

593 1068 921 1142 Ludentis
950 1066 1239 1162 speciem
1272 1064 1495 1156 dabit,
1531 1083 1599 1138 et
1634 1070 2082 1164 torquebitur,
2113 1087 2192 1142 ut
2219 1075 2334 1167 qui

592 1189 792 1258 Nunc
816 1187 1157 1278 Satyrum,
1188 1207 1366 1252 nunc
1392 1200 1724 1279 agrestem
1751 1185 2049 1282 Cyclopa
2076 1205 2400 1260 movetur.

593 1300 1008 1376 Praetulerim
1040 1301 1326 1396 scriptor
1358 1299 1607 1374 delirus
1640 1303 1953 1400 inersque
1986 1305 2234 1397 videri,

2580 628 2680 668 1²0

2574 1191 2682 1250 125

586 1508 803 1564 exerceri
832 1508 884 1559 in
910 1507 1115 1559 dicendo
1138 1505 1425 1559 videbamus
1446 1510 1597 1562 etiam
1670 1509 1894 1580 Satyrum
1913 1511 1992 1564 vel
2009 1511 2218 1582 Cyclopa
2235 1513 2394 1566 saltat.
2413 1543 2484 1554 -—
2499 1518 2693 1569 moveri

585 1593 789 1649 senem?
824 1611 852 1639 ν
878 1593 945 1646 cf.
978 1586 1186 1645 eundem
1218 1591 1361 1642 Brut.
1404 1604 1487 1646 tu.
1525 1624 1597 1633 —
1661 1597 1766 1663 jam
1785 1606 1892 1649 est:
1917 1595 2124 1660 saltare,
2149 1607 2206 1649 ut
2225 1597 2346 1650 infr.
2369 1599 2424 1650 in
2437 1597 2606 1667 Epist.
2624 1601 2686 1652 ad

585 1695 708 1752 quoe
726 1679 931 1749 genitor
950 1673 1257 1747 pmduxen‘t
1288 1693 1448 1738 usus,
1484 1695 1597 1747 quae
1666 1680 1773 1733 Pis.
1799 1692 1937 1734 aaa:
1965 1682 2074 1734 «Ut
2095 1683 2236 1736 festis
2255 1693 2475 1736 matmna
2499 1685 2692 1737 moveri

583 1781 701 1818 usus
736 1773 787 1817 et
820 1762 1129 1831 progenuerit
1162 1769 1215 1812 et
1246 1761 1588 1829 publicaverit.
1667 1763 1926 1832 (saltando
1956 1766 2259 1835 circumagi,
2295 1766 2512 1833 saltare)
2545 1766 2684 1833 jussa

585 1848 713 1902 Infr-
732 1848 787 1901 iu
803 1847 966 1916 Epist·
991 1844 1051 1896 ad
1067 1844 1171 1896 Ph·
1196 1855 1278 1906 ⁷¹.
1306 1857 1369 1897 ⁷2
1392 1865 1403 1896 τ
1424 1844 1593 1913 «Qua
1664 1848 1859 1902 diebus.
1881 1871 1909 1900 ιο
1935 1851 2084 1920 Supr.
2111 1853 2218 1904 Sat.
2240 1852 2282 1915 1,
2302 1860 2355 1914 5,
2379 1863 2476 1906 03:
2502 1871 2530 1900 α
2550 1851 2682 1906 Pas-

584 1949 717 1984 nunc
738 1942 853 1984 sunt
876 1929 931 1982 in
953 1930 1139 1982 bonore
1154 1928 1414 1996 vocabula,
1437 1928 1484 1980 si
1503 1947 1593 1984 vo-
1665 1942 1819 1986 torem
1839 1933 2042 1988 saltaret
2058 1935 2134 1987 uti
2147 1933 2383 2004 Cyclopa,
2404 1935 2635 2003 rogabat3
2651 1955 2677 1984 n

580 2014 651 2068 let
672 2031 818 2077 usus,
852 2011 1011 2079 Quem
1041 2026 1193 2079 penes
1220 2011 1483 2063 arbitrium
1519 2023 1594 2065 est
1639 2016 1756 2067 'ubi
1785 2017 1888 2070 vid.
1926 2028 2030 2070 not.
2056 2017 2246 2084 Virgil.
2279 2015 2448 2085 Eclog.
2471 2017 2545 2082 V,
2575 2032 2676 2073 ⁷3:

578 2109 631 2150 et
657 2100 737 2165 jus
762 2106 815 2150 et
836 2111 1009 2147 norma
1029 2094 1280 2162 loquendi.
1302 2115 1329 2142 ιι
1354 2125 1424 2134 -
1452 2096 1592 2150 Idem
1667 2117 1696 2146 α
1715 2099 1958 2153 saltantes
1977 2100 2172 2170 Satyros
2195 2100 2476 2152 imitabitur
2489 2099 2684 2168 Alphe-

577 2183 736 2232 bonus
750 2188 893 2247 poeta
908 2177 1091 2228 dicitur
1106 2175 1410 2237 vehemens,
1442 2177 1592 2244 largi-

576 2275 653 2316 ter
688 2263 843 2314 fluens
873 2262 1195 2328 fervensque,
1234 2261 1592 2314 accommodate
1659 2265 1918 2316 vocabatur
1949 2262 2168 2328 Satyrus
2193 2271 2246 2314 et
2283 2263 2530 2332 Cyclops,
2577 2278 2687 2320 tam

580 2348 639 2400 ad
659 2360 854 2399 amnem
869 2383 885 2407 ‚
918 2345 1005 2413 qui
1022 2353 1097 2395 est
1111 2343 1376 2397 vehemens
1390 2383 1408 2413 ,
1434 2363 1588 2414 quum
1659 2347 1832 2412 pedum
1847 2345 2135 2411 jactatione,
2161 2361 2310 2413 quam
2334 2345 2688 2404 membrorum

576 2429 776 2496 largiter
796 2427 924 2479 fluit.
946 2455 1019 2466 -—
1040 2423 1327 2477 Vehemens
1344 2461 1362 2486 ,
1399 2429 1588 2480 duabus
1655 2429 1915 2496 agitatione
1926 2436 1977 2480 et
1993 2426 2272 2483 mobilitate
2291 2426 2444 2480 fuisse
2461 2431 2688 2487 concita-

1661 2180 1898 2231 siboeus.»
1911 2180 2128 2232 Videtur
2143 2191 2307 2233 autem
2323 2181 2547 2249 saltatio,
2569 2199 2684 2252 qua
2755 2227 2774 2244 ,

570 2514 769 2585 syllabis
784 2510 1202 2581 pronunciandum
1212 2549 1225 2562 .
1242 2539 1313 2550 --
1326 2509 1579 2582 11⁸qut‘clus,

571 2616 669 2652 non
688 2597 989 2664 lutulentus,
1008 2607 1065 2648 ut
1081 2594 1301 2648 Lucilius
1322 2595 1427 2648 Sat.
1449 2598 1499 2664 1,
1526 2608 1582 2664 ⁴,

576 2695 599 2736 t
614 2695 635 2735 ι
650 2723 662 2734 .
682 2679 954 2735 —Fundet
965 2697 1109 2752 opes,
1130 2697 1222 2749 per
1232 2697 1350 2751 opes
1365 2681 1585 2749 intellige

568 2767 825 2818 verborum
844 2766 1293 2834 sententiarumque
1303 2765 1493 2832 copiam
1505 2773 1582 2816 at-

568 2867 666 2922 que
680 2849 979 2912 ubertatem
1000 2849 1119 2901 infr.
1144 2847 1196 2900 in
1214 2848 1375 2918 Epist.
1393 2849 1455 2899 ad
1468 2847 1574 2899 Pis.

572 2948 671 2992 30⁷
690 2957 702 2988 :
725 2955 751 2983 u
764 2933 835 2987 nil
848 2935 1067 2988 scribens
1078 2933 1203 3002 ipae,
1214 2933 1416 2999 docebo,
1430 2931 1580 2986 Unde

566 3029 802 3089 parentur
832 3033 981 3089 opes,-
1016 3017 1136 3086 quid
1171 3017 1272 3069 alat
1302 3017 1580 3086 formetque

566 3113 757 3172 poetam
766 3142 779 3154 .
794 3123 822 3150 n
836 3099 1264 3152 -Luxurt'antia
1278 3114 1571 3172 corripe-teet,

562 3203 673 3256 quoe
702 3185 753 3238 in
782 3185 987 3236 nimiam
1018 3182 1371 3234 abundantiam
1404 3199 1580 3235 excre-

560 3279 766 3335 verunt,
800 3267 984 3320 recidet
1004 3275 1061 3316 ut
1088 3263 1395 3317 abundantes
1418 3281 1580 3318 ramos

562 3355 615 3406 in
631 3351 889 3406 arboribus
902 3349 1313 3402 hatur-ianam.
1334 3377 1405 3388 —-
1420 3347 1576 3401 leva·

560 3437 661 3495 bit,
688 3434 917 3502 levigabit
934 3441 986 3484 et
1002 3431 1218 3500 expoliet
1235 3469 1250 3493 ,
1282 3441 1337 3484 ut
1362 3433 1573 3486 artifices

558 3531 609 3574 et
620 3519 845 3572 statuarii
856 3531 1076 3585 asperam
1092 3517 1347 3568 materiem
1357 3553 1370 3566 .
1384 3517 1577 3568 ——cul-

557 3615 615 3655 tu
632 3619 776 3662 sano,
797 3600 1053 3671 prudente,
1066 3608 1199 3667 apto,
1216 3600 1360 3650 scito.
1380 3628 1451 3638 —-
1466 3600 1575 3650 vin-

557 3699 663 3738 τωο
672 3687 921 3744 car-entia,
950 3681 1265 3749 inelegantia‚
1291 3679 1570 3736 invenusta.

562 3769 793 3830 -tollet,
820 3766 1034 3835 delebit3
1060 3783 1109 3818 v.
1126 3768 1188 3819 ad
1208 3767 1307 3818 Sat.
1329 3767 1377 3827 Ι,
1404 3776 1459 3834 ι,
1483 3778 1569 3820 u.

636 3863 756 3904 124.
784 3850 1033 3904 Ludentis
1052 3853 1261 3921 speeiem
1276 3849 1448 3910 dabie,
1474 3863 1566 3904 etc.

484 3996 491 4005 .
556 3935 710 3986 Poeta
722 3936 949 3987 lascivius
962 3937 1183 3990 exsulum
1190 3937 1253 3989 tis
1267 3935 1478 4005 speciem
1487 3937 1573 3988 ba-

556 4017 725 4080 bebit,
750 4029 798 4068 et
820 4021 1189 4086 circumagetur,
1220 4021 1344 4072 sicut
1379 4021 1421 4072 is
1441 4059 1455 4083 ,
1484 4021 1570 4090 qui

1651 2513 1749 2566 tior
1776 2524 1827 2564 et
1851 2510 2172 2580 petulantior.
2207 2513 2363 2565 Poeta
2395 2513 2552 2580 igitur
2587 2517 2682 2570 bac

1653 2597 1926 2651 saltationis
1941 2597 2153 2664 imagine
2164 2598 2412 2667 expressit
2425 2599 2532 2652 fere
2545 2599 2642 2652 hoc
2659 2619 2672 2650 ε

1655 2679 2074 2747 Quemadmodum
2101 2681 2146 2732 is
2160 2717 2175 2742 ,
2207 2682 2296 2750 qui
2329 2680 2556 2752 Satyrum
2595 2683 2675 2736 vel

1651 2763 1862 2832 Cyclopa
1873 2762 2020 2816 saltat
2029 2800 2045 2831 ,
2057 2764 2280 2834 corporis
2295 2764 2513 2816 membra
2528 2765 2676 2818 modo

1652 2848 1767 2910 buc,
1785 2847 1928 2900 modo
1947 2847 2066 2916 illuc
2077 2849 2228 2915 jactat
2243 2857 2297 2900 et
2311 2851 2488 2916 agitat,
2512 2849 2580 2901 ita
2603 2849 2671 2914 is,

1648 2931 1737 3000 qui
1765 2947 1934 2983 versus
1965 2931 2134 2998 pangit
2153 2971 2170 2994 ‚
2199 2930 2346 2984 verba
2371 2932 2512 2986 modo
2534 2932 2633 2985 huc
2652 2971 2672 2998 ,

1650 3014 1795 3068 modo
1812 3013 1931 3066 illuc
1950 3024 2265 3084 transponere
2282 3055 2299 3080 ‚
2327 3017 2551 3081 flectere,
2577 3034 2672 3070 va-

1651 3098 1784 3152 riare
1797 3135 1812 3164 ‚
1847 3115 2134 3168 promovere
2152 3109 2206 3152 et
2227 3116 2475 3153 :emovere
2494 3101 2663 3154 debet.

1727 3191 1844 3234 ¹26.
1870 3181 1983 3233 Jam
1999 3181 2176 3234 stulms
2191 3181 2386 3252 quidam
2401 3191 2450 3234 et
2463 3183 2670 3250 ineptus

1649 3265 1860 3334 scriptor
1875 3303 1891 3327 ,
1921 3281 1976 3317 se
1997 3264 2129 3317 nihil
2153 3281 2349 3326 curare,
2377 3265 2537 3335 qualis
2560 3267 2668 3322 ba-

1643 3350 1820 3402 beatur
1835 3387 1850 3411 ,
1872 3349 2017 3401 modo
2033 3349 2242 3402 stultitia
2261 3364 2352 3401 sua
2369 3347 2665 3419 delectetur,

1645 3434 1936 3502 respondet,
1965 3433 2088 3486 etin
2111 3435 2235 3486 hanc
2257 3450 2364 3486 rem
2385 3435 2665 3504 exemplum

1644 3515 1812 3584 Argivi
1839 3517 2088 3584 cujusdam
2118 3516 2338 3568 hominis
2369 3517 2539 3570 affert.
2573 3517 2666 3571 llle

1643 3600 1798 3664 enim,
1814 3617 1966 3670 quum
1983 3601 2045 3653 ab
2069 3600 2283 3663 insania,
2303 3619 2402 3671 qua
2420 3601 2532 3655 laeto
2549 3603 2662 3655 ani·

1646 3701 1728 3737 mo
1751 3685 1802 3736 in
1821 3703 1972 3738 vacuo
1995 3685 2189 3738 theatro
2211 3685 2383 3738 sedere
2402 3725 2416 3748 ,
2443 3695 2522 3747 et,
2544 3686 2662 3754 opi·-

1645 3759 1796 3832 nans,
1841 3787 1894 3823 se
1927 3770 2147 3837 egregios
2185 3771 2416 3837 tragoedos
2451 3769 2620 3821 audire
2639 3807 2657 3836 ,

1642 3855 1874 3922 plaudere
1885 3853 2102 3921 solebat,
2122 3865 2430 3922 cognatorum
2442 3869 2560 3905 cura
2574 3869 2660 3906 ie·

1645 3937 1798 3990 fectus
1817 3937 2046 3990 rediisset
2063 3937 2126 3989 ad
2144 3954 2250 3989 sese
2269 3976 2284 4003 ,
2304 3935 2516 4005 pessimo
2531 3953 2660 3988 con-

1641 4019 1756 4074 silio
1767 4023 2100 4090 gratissimum
2123 4016 2305 4074 nientis
2324 4037 2541 4074 errorem
2557 4021 2658 4073 sibi
