3000 4684
470 335 476 342 ’
528 342 667 423 1'30

1087 349 1172 437 Q.
1226 347 1648 419 HORATH
1693 347 2052 422 ‘FLAcm

518 493 861 582 RusticuS,
898 490 1240 559 abnormis
1278 491 1575 584 sapiens,
1610 515 1958 586 crassaque
1989 491 2340 589 Minerva)

518 610 808 700 Discite,
846 634 978 700 non
1015 610 1191 678 inter
1218 607 1441 678 lances
1476 634 1867 704 mensasque
1903 610 2224 700 nitentes,

519 731 751 818 Quum
784 743 1007 822 stupet
1041 727 1293 796 insanis
1326 730 1499 796 acies
1533 726 1903 824 fulgoribus
1918 781 1937 818 ,
1972 743 2042 797 et
2071 753 2275 824 quum
2575 713 2610 782 5

522 843 820 916 Adclinis
854 843 1034 915 falsis
1065 845 1326 915 animus
1363 844 1644 915 meliora
1678 861 1976 936 recusat3

516 965 769 1032 Verum
804 961 915 1030 hic
946 962 1271 1056 impransi
1304 986 1565 1052 mecum
1601 962 2084 1058 disquirite.—
2102 965 2242 1034 Cur
2273 958 2445 1035 hoc?

516 1082 907 1171 -Dicam,
942 1083 997 1149 si
1030 1095 1289 1174 potero.
1330 1078 1510 1148 Male
1543 1105 1778 1150 verum
1815 1098 2152 1153 examinat
2183 1084 2397 1167 omnis

516 1205 886 1294 Corruptus
912 1198 1140 1293 judex.
1174 1202 1510 1294 Leporem
1544 1214 1830 1268 sectatus
1853 1253 1873 1290 ,
1908 1224 2162 1294 equove

516 1326 757 1391 Lassus
790 1320 875 1388 ab
910 1317 1282 1406 indomit03
1317 1316 1459 1408 vel,
1496 1318 1555 1387 si
1591 1322 1899 1388 Romana
1932 1318 2168 1414 fatigat

518 1535 793 1608 -Ofillus
803 1553 824 1602 ‚·
847 1547 986 1590 vetus
1003 1537 1262 1590 Scholiast.
1284 1539 1358 1588 ait
1376 1537 1524 1589 Ofel-

514 1621 617 1672 lum
638 1621 781 1672 bonis
802 1621 907 1673 suis
922 1637 953 1671 a
970 1619 1165 1672 Caesare
1182 1618 1443 1688 spoliatum
1465 1637 1524 1671 eo

516 1707 765 1758 reductum
810 1704 963 1756 fuisse
1001 1713 1057 1756 ut
1092 1721 1175 1756 eos
1216 1704 1347 1772 ipsos
1385 1719 1525 1770 agros

514 1803 636 1859 quos
682 1789 962 1858 possederat
984 1825 999 1850 ,
1042 1805 1133 1856 pro
1177 1787 1275 1840 alio
1320 1787 1544 1840 coleret·

514 1871 968 1932 rim—Rusticus,
994 1889 1109 1924 rum
1124 1872 1321 1937 degens.
1352 1869 1526 1921 En,—

514 1958 767 2010 abnormis
789 1959 1012 2028 sapiens,
1032 1957 1087 2007 h.
1108 1973 1154 2008 e.
1180 1954 1523 2024 philosophus,

515 2039 604 2108 qui
630 2039 757 2091 nulli
784 2056 984 2105 normae,
1008 2038 1061 2089 h.
1087 2054 1131 2088 e.
1150 2036 1276 2088 nulli
1302 2036 1523 2104 philoso-

514 2123 722 2190 phorum
764 2121 1039 2189 disciplinae
1080 2120 1224 2172 unice
1268 2120 1487 2171 addictus
1507 2158 1522 2188 ,

514 2207 639 2274 ipse,
659 2222 768 2275 q-uae
792 2222 905 2257 vera
924 2214 1059 2268 sunt,
1085 2204 1362 2270 investigat,
1383 2205 1524 2255 αὐτο-

514 2285 846 2348 δίδακτος.-
856 2305 1135 2360 ems-caque
1146 2290 1405 2348 Minerva,
1424 2307 1525 2342 non

512 2373 848 2444 philosophica
882 2372 1155 2424 subtilitate
1170 2408 1187 2438 ,
1223 2373 1309 2424 sed
1344 2375 1524 2426 rustica

514 2457 858 2526 simplicitate3
880 2473 979 2508 non
1008 2473 1069 2507 ex
1094 2456 1218 2508 artis
1238 2457 1492 2527 praeceptis
1507 2495 1523 2521 ,

514 2542 599 2594 sed
618 2541 725 2593 sine
743 2537 1183 2598 arte—nitentes,
1206 2539 1411 2607 poculis,
1433 2557 1522 2592 va-

511 2626 580 2678 sis
598 2624 859 2692 argenteis,
880 2633 972 2675 etc.
989 2652 1056 2662 -
1076 2623 1291 2684 insanis,
1315 2623 1404 2693 qui
1422 2625 1520 2677 ho-

514 2709 675 2760 mines
690 2707 885 2760 insanos
906 2706 1043 2771 facit,
1056 2708 1141 2776 qui
1155 2725 1325 2760 eorum
1338 2709 1520 2761 animis

514 2793 757 2846 insaniam
780 2791 967 2859 injicit,
987 2809 1256 2862 vanamque
1274 2793 1524 2862 eupidita-

514 2891 630 2930 tem.
657 2877 752 2928 En.
769 2907 835 2918 --
858 2889 906 2928 et
929 2895 1093 2949 quum
1111 2876 1522 2948 Adciinissalsis

512 2963 736 3019 antinus,
754 2960 807 3011 h.
830 2977 875 3012 e.
904 2960 1097 3012 animus
1114 2961 1204 3029 qui
1224 2960 1359 3013 falsis
1374 2960 1523 3012 rebus

512 3045 766 3112 indulget,
796 3045 882 3114 qui
916 3045 979 3096 iis
1010 3054 1267 3097 contentus
1296 3056 1373 3096 est
1392 3081 1409 3112 ,
1440 3061 1522 3096 eas

509 3128 747 3204 libentius
770 3127 963 3196 accipit.
984 3127 1141 3179 Falsa
1164 3128 1396 3180 dicuntur
1412 3145 1522 3196 maq

512 3210 789 3277 gnificentia
811 3225 869 3262 ea
887 3247 903 3273 ,
932 3227 1197 3279 omnesque
1222 3222 1485 3279 apparatus
1503 3250 1518 3275 ,

513 3295 600 3365 qui
625 3295 845 3348 animum
868 3293 1027 3346 fallaci
1058 3294 1219 3362 specie
1244 3295 1513 3364 decipiunt.

512 3377 610 3430 En.
622 3406 694 3416 -
708 3377 917 3428 melior-a
933 3387 1157 3464 recuset,
1182 3391 1300 3428 sana
1325 3387 1519 3446 tempe-

512 3461 685 3514 rantiae
705 3467 943 3528 proecepta
961 3458 1133 3510 audire
1148 3459 1331 3511 renuit.
1348 3460 1522 3511 En.—

512 3546 790 3616 ienpransi,
818 3543 1013 3611 jejuni,
1054 3552 1110 3594 ut
1137 3544 1225 3613 qui
1258 3545 1443 3597 saniori
1474 3555 1526 3598 et

508 3630 732 3683 liberiori
752 3640 916 3682 mente
934 3637 1066 3680 sunt.
1086 3626 1379 3680 En.—Cur·
1390 3629 1518 3683 hoc?

508 3731 597 3764 cur
632 3731 729 3765 non
764 3713 896 3765 inter
925 3712 1201 3778 magnificas
1228 3711 1520 3780 epulas?—

510 3795 715 3853 Πίσωνι,
730 3797 991 3864 sipotero5
1010 3794 1101 3846 loci
1120 3795 1369 3864 sequentis
1385 3805 1516 3848 stm-

506 3867 735 3928 ctura‘et
766 3878 1027 3930 verborum
1061 3877 1291 3944 junctura
1324 3877 1521 3932 videtur

507 3959 669 4027 prima
690 3960 848 4027 specie
878 3960 1025 4026 paulo
1050 3959 1319 4027 molestior,
1352 3961 1441 4013 sed
1474 3963 1518 4013 si

508 4057 701 4096 omnem
734 4043 1025 4096 sententiam
1060 4055 1188 4098 oecte
1212 4045 1435 4110 junxeris
1468 4057 1520 4099 et

2539 1337 2609 1375 10

1594 1537 1919 1607 copulaveris,
1941 1539 2068 1590 bene
2087 1539 2134 1590 ei
2155 1537 2447 1606 respondere
2463 1537 2609 1590 verba

1595 1625 1760 1675 omnia
1799 1623 2060 1690 intelliges.
2102 1622 2356 1675 Sententia
2393 1631 2468 1674 est
2501 1622 2610 1674 fere

1595 1705 1733 1756 haec:
1764 1704 1970 1778 Cfusam
1990 1743 2005 1771 ,
2043 1705 2088 1757 si
2126 1715 2324 1774 potero,
2360 1705 2602 1756 afferam:

1596 1790 1790 1840 animus
1812 1789 1998 1841 scilicet
2013 1827 2028 1853 ,
2055 1790 2276 1843 ciborum
2294 1789 2430 1856 eopia
2451 1797 2502 1840 et
2519 1788 2608 1854 jn-

1595 1873 1846 1926 cunditate
1883 1885 2049 1944 oeptus
2064 1913 2080 1941 ,
2117 1873 2268 1926 veluti
2302 1874 2454 1941 judex
2489 1888 2609 1924 auro

1597 1965 1852 2024 corruptus
1867 1993 1882 2023 ,
1907 1956 2034 2008 male
2053 1957 2314 2008 veritatem
2334 1964 2608 2024 perseruta-
2711 1979 2716 1984 ·

1599 2049 1695 2091 tur.
1725 2039 1807 2108 (Is
1833 2051 2055 2109 tautum,
2082 2041 2170 2110 qui
2195 2036 2304 2092 sitit
2333 2049 2384 2093 et
2417 2040 2608 2105 esurit,

1598 2140 1696 2176 non
1708 2126 1977 2176 contemnit
1991 2123 2211 2189 vulgares
2222 2121 2402 2190 cibos.)
2420 2121 2608 2187 Quodsi

1596 2206 1746 2272 igitur
1759 2217 1844 2257 aut
1855 2205 2090 2270 venando,
2107 2214 2194 2256 aut
2209 2203 2497 2272 equitando,
2507 2203 2608 2270 vel,

1597 2292 1638 2342 si
1662 2291 1816 2357 magis
1843 2291 1938 2341 tibi
1960 2288 2152 2358 placent
2167 2287 2380 2358 pueriles
2399 2287 2609 2339 θυι-ωοο-

1597 2391 1705 2426 rum
1729 2374 2115 2434 exercitationes,
2127 2380 2213 2423 aut
2231 2371 2404 2440 pilam,
2423 2383 2508 2424 aut
2525 2371 2604 2424 di-

1595 2477 1726 2510 scum
1742 2459 1986 2527 jaciendo,
2003 2458 2200 2509 fastidia
2212 2457 2481 2525 expuleris,
2502 2467 2604 2510 tum

1591 2543 1765 2594 sitiens
1782 2542 2102 2611 esuriensque
2123 2557 2220 2593 non
2237 2557 2441 2608 spernes
2456 2539 2604 2593 vilem

1590 2627 1782 2690 cibum,
1803 2642 1902 2677 non
1927 2623 2139 2676 mulsum
2156 2660 2171 2687 ,
2199 2641 2296 2676 non
2327 2625 2486 2692 pisces
2512 2640 2604 2692 ap·-

1591 2719 1758 2778 petes3
1795 2709 1881 2760 sed
1917 2707 2058 2776 panis
2087 2723 2198 2758 cum
2231 2705 2332 2759 sale
2359 2706 2486 2758 bene
2509 2705 2603 2756 tibi

1593 2794 1770 2862 sapiet.

1669 2889 1721 2931 9.
1762 2876 1998 2949 leporem
2023 2887 2242 2929 sectatus
2270 2890 2487 2950 equove,
2517 2891 2604 2926 ve-

1595 2963 1746 3014 nandi
1773 2972 1824 3014 et
1856 2977 2094 3030 equorum
2116 2960 2467 3012 domandorum
2495 2967 2605 3009 stn-

1593 3043 1732 3096 dium
1779 3044 1998 3112 pertinet
2037 3042 2100 3094 ad
2141 3039 2371 3092 militiam
2419 3040 2604 3091 Roma-

1594 3143 1708 3178 nam
1723 3165 1738 3188 ,
1755 3128 1858 3178 sive
1879 3126 1942 3178 ad
1963 3143 2019 3177 ea
2042 3125 2202 3177 studia
2221 3131 2273 3175 et
2290 3122 2604 3174 exercitatio-

1592 3225 1697 3272 nes,
1711 3211 1894 3278 quibus
1910 3223 2110 3276 corpora
2129 3207 2191 3258 ad
2201 3205 2393 3258 labores
2407 3207 2461 3256 in
2475 3204 2606 3258 bello

1593 3291 1818 3344 ferendos
1835 3291 2264 3344 corroborarentur
2277 3307 2292 3356 ς
2317 3289 2434 3341 hinc
2449 3288 2606 3342 Hora-

1591 3376 1712 3442 tius,
1732 3393 1872 3446 supr.
1886 3375 1988 3427 od.
2006 3373 2107 3437 111,
2123 3384 2210 3434 24,
2228 3384 2319 3437 tu,
2337 3373 2404 3426 de
2423 3372 2604 3427 Roma—

1596 3457 1674 3509 nis
1701 3475 1732 3510 a
1757 3458 1916 3526 prisea
1945 3473 2121 3526 pueros
2143 3455 2386 3508 educandi
2419 3457 2607 3509 ratione

1592 3543 1925 3610 degener-atis:
1951 3563 1977 3591 α
1995 3541 2169 3594 Nescit
2185 3559 2313 3611 equo
2329 3541 2465 3594 rudis
2481 3540 2602 3592 11ae-

1589 3643 1698 3680 rere
1711 3628 1951 3695 ingenuus
1965 3645 2104 3696 puer,
2111 3626 2402 3696 Venerique
2415 3627 2602 3677 timet.»

1589 3713 1748 3765 locus
1759 3712 1988 3766 classicus
1999 3712 2063 3764 de
2075 3711 2352 3765 venationis
2363 3709 2492 3778 apud
2506 3707 2605 3758 Ro-

1591 3811 1760 3847 manos
1793 3794 1938 3849 laude
1975 3806 2124 3866 atque
2159 3795 2346 3848 honore
2379 3801 2454 3844 est
2479 3791 2599 3843 infr.

1587 3879 1746 3948 Epist.
1759 3879 1800 3942 1,
1817 3891 1838 3930 ι
1851 3891 1900 3943 8,
1914 3889 2001 3932 ωε
2019 3899 2046 3928 α
2061 3879 2294 3932 Romanis
2308 3876 2524 3929 solemne
2534 3876 2606 3928 vi-

1589 3964 1658 4015 ris
1677 3981 1815 4032 opus,
1833 3965 1954 4018 utile
1975 3953 2371 4033 faniae,Vitaeque
2387 3971 2439 4014 et
2455 3977 2606 4013 mem-

1591 4048 1714 4116 bris,
1733 4068 1761 4096 υ
1784 4051 2012 4102 ete—si
2025 4047 2484 4119 Romanasau'gat,
2507 4057 2603 4102 etu-
