3000 4684
727 615 857 685 DE
906 614 1328 685 ome-ms
1377 616 1493 683 ET
1544 593 2110 691 Paos-nessi]

591 831 1310 1027 ‘SATIRAE
1418 837 2263 1011 ROMANAE‚

793 1112 886 1161 ΕΤ
919 1113 1114 1175 QUAS
1143 1114 1643 1165 MUTATIONES
1680 1117 2061 1167 sumnam.

485 1559 794 1631 Holwrn
821 1566 1086 1633 satiras
1110 1558 1404 1631 duobus
1433 1558 1639 1631 libris
1668 1561 2245 1658 comprehensam,
2274 1590 2475 1639 nunc

387 1700 778 1765 sermones,
831 1661 1030 1751 nunc
1063 1684 1360 1765 satiras,
1397 1677 1607 1751 nullo
1646 1678 2062 1751 discrimine
2094 1680 2479 1777 appellavit

395 1796 580 1892 ipse,
605 1819 860 1865 verum
887 1820 1116 1891 quum
1139 1793 1346 1868 ideas
1371 1795 1611 1869 modis
1638 1796 2075 1893 quibusdam
2103 1796 2363 1873 distin?
2378 1824 2477 1869 «as

390 1913 640 1987 animo
666 1928 1184 2010 repraesentent
1219 1938 1300 1987 ea
1331 1912 1721 2005 vocabula,
1760 1938 1995 2013 operae
2031 1916 2345 2011 pretium
2375 1914 2477 2013 fa·-⁸

385 2047 635 2105 etur-us
669 2032 955 2120 videor,
993 2033 1087 2123 si,
1123 2032 1300 2130 quid
1343 2032 1627 2129 antiqui
1667 2032 1975 2104 Romani
2012 2057 2139 2129 per
2166 2037 2477 2105 sutirum

379 2148 892 2240 intellexerint,
921 2174 1307 2247 exponam.
1337 2149 1619 2225 Primus
1648 2148 2107 2245 doctissimus
2126 2148 2477 2249 Casaub07
2592 2224 2603 2239 .

378 2290 540 2359 nus,
557 2282 776 2365 atque
794 2267 980 2343 adeo
1005 2268 1206 2343 solus
1233 2270 1310 2351 in
1340 2293 1428 2346 eo
1459 2268 1762 2341 feliciter
1786 2294 2081 2369 operam
2106 2270 2377 2368 posuit,
2396 2284 2477 2339 ut

379 2382 910 2457 demonstraret
936 2410 1096 2482 quae
1131 2401 1204 2456 et
1228 2386 1462 2483 qualis
1491 2400 1679 2457 esset
1714 2387 1953 2483 poesis
1986 2387 2269 2459 satirica
2290 2389 2473 2458 Grae-

265 2578 272 2585 ,
377 2525 656 2593 eorum,
683 2526 846 2598 quae
883 2503 1098 2575 satira
1129 2507 1652 2585 Romanorum.
1680 2506 1803 2575 Est
1832 2501 1953 2574 ille
1984 2501 2173 2575 liber
2192 2502 2471 2598 quanti-

376 2620 486 2689 vis
520 2621 766 2716 pretii3
803 2642 941 2691 nee
976 2616 1293 2692 diffiteor
1329 2642 1446 2691 me
1487 2618 1662 2689 inde
1702 2618 2100 2717 plurimum
2137 2618 2469 2713 adjutum

377 2735 619 2809 fuisse.
1176 2756 1184 2762 ·
2172 2756 2181 2764 ·

471 2856 609 2925 Hie
645 2858 840 2925 enim
876 2871 984 2927 est
1019 2855 1326 2946 fructuS,
1364 2876 1585 2951 quem
1619 2876 1706 2923 ex
1732 2850 2238 2924 excellentium
2268 2854 2460 2926 viro-

374 2996 542 3043 rum
575 2970 946 3044 laboribus
989 2972 1360 3071 percipere
1404 2968 1800 3043 debemus:
1854 2970 1981 3067 qui
2029 2968 2199 3041 ideo
2244 2969 2459 3041 nobis

372 3088 842 3187 praeiverunt,
879 3102 960 3159 ut
999 3089 1076 3157 in
1115 3086 1362 3183 spissis
1398 3085 1845 3183 antiquitatis
1878 3083 2197 3157 tenebris
2230 3086 2459 3157 facem

371 3206 932 3280 suceedentibus
965 3205 1402 3302 praeferrent.
1445 3210 1605 3277 Non
1650 3219 1887 3277 tamen
1929 3204 2005 3275 in
2048 3204 2454 3302 superiores

373 3327 469 3398 ita
505 3326 702 3399 oculi
741 3322 1142 3421 defigendi,
1182 3337 1264 3394 ut
1301 3324 1615 3421 propriis
1652 3322 2011 3419 gressibus
2048 3346 2199 3395 non
2235 3325 2453 3395 etiam

369 3444 865 3517 attendamus:
893 3468 1024 3540 per
1051 3440 1208 3515 illas
1236 3442 1435 3513 enim
1467 3440 1820 3513 incedunt
1844 3441 2218 3541 aliquanto
2240 3444 2451 3515 semi·

372 3576 500 3651 tae,
519 3563 596 3633 in
615 3560 884 3658 quibus
911 3584 1062 3633 non
1092 3574 1331 3633 tutum
1358 3559 1452 3631 sit
1474 3582 1599 3631 eos
1622 3560 1861 3656 sequi:
1890 3558 1967 3631 id
1992 3558 2195 3657 quod
2220 3573 2295 3631 et
2315 3583 2448 3655 ego

367 3680 492 3753 hie
523 3680 713 3767 cavi,
747 3702 934 3777 saepe
960 3678 1109 3749 vias
1135 3702 1390 3775 parum
1419 3677 1619 3747 tritas
1654 3690 2035 3774 sequutuS,
2065 3678 2247 3749 utin
2277 3702 2448 3775 pro·

367 3820 614 3891 gressu
649 3794 948 3893 patebit.
1748 3806 1753 3813 ’
2514 3788 2527 3795 ”

469 3918 593 3986 Est
650 3929 893 3986 autem
947 3914 1171 3985 Satira
1222 3911 1551 4010 quaedam
1605 3935 1909 4008 poeseos
1964 3916 2237 4009 speeies
2293 3914 2451 3985 aliis

513 4052 628 4088 non.
664 4052 718 4086 n.
2115 4056 2165 4099 a
