3000 4684
485 432 628 514 428
1223 435 1825 504 PROOEMIUM

483 584 618 666 ejus
637 583 1014 670 respexeris,
1035 605 1172 648 non
1188 585 1391 671 magis
1404 585 1722 671 poeticam
1742 599 1944 648 artem
1961 583 2199 649 docere
2216 584 2571 662 videbitur,

485 715 679 781 quam
701 695 770 758 in
795 693 1076 781 Epistola
1095 692 1178 757 ad
1197 696 1555 782 Augustum
1574 701 2007 762 Romanarum
2028 695 2356 760 literarum
2378 693 2575 760 histo-

487 802 648 866 riam
664 850 683 881 ,
716 818 826 866 aut
855 803 924 866 in
954 803 1162 889 prima
1195 801 1280 867 ad
1311 808 1720 870 Maecenatem
1756 827 2011 870 morum
2042 805 2370 870 scientiam
2396 804 2571 868 evol-

487 931 640 973 vere
675 908 838 973 velle
865 910 1035 974 visus
1073 925 1193 974 est.
1224 909 1385 974 Inde
1431 911 1651 976 omnia
1683 912 1833 992 ista,
1872 934 2067 999 quam
2094 913 2409 990 sollerter,
2444 927 2576 976 tam

367 1047 378 1068 ι
489 1037 760 1102 operose
783 1018 1165 1104 excogitata,
1193 1039 1335 1103 quae
1363 1039 1620 1082 sensum
1649 1035 1760 1083 aut
1790 1017 2215 1106 praepediant,
2248 1035 2358 1083 aut
2382 1019 2577 1083 extri-

492 1140 642 1189 cent
658 1173 675 1204 ,
707 1126 896 1190 nobis
924 1148 1062 1192 non
1088 1125 1456 1193 ventilanda
1486 1127 1703 1193 forent
1720 1175 1739 1206 ,
1790 1151 1933 1215 quae
1974 1128 2269 1216 profecto
2288 1173 2306 1206 ,
2346 1143 2421 1192 ut
2456 1127 2577 1192 sibi

491 1253 754 1317 prorsus
791 1232 995 1297 aliena
1015 1279 1033 1312 ,
1078 1261 1112 1291 α
1143 1233 1373 1298 leviter
1407 1250 1592 1298 curet
1618 1263 1648 1293 n
1698 1235 2000 1299 Horatius
2017 1282 2034 1313 ,
2078 1251 2207 1299 tam
2242 1233 2452 1300 doctae
2484 1255 2579 1298 se-

491 1339 770 1406 dulitatis
797 1365 1077 1407 securus.
1113 1343 1294 1428 Quid
1323 1342 1567 1407 multa?
1598 1344 1943 1422 sublatum,
1968 1359 2043 1408 ut
2060 1365 2251 1431 supra
2278 1341 2573 1421 diximuS,

494 1447 750 1513 titulum
771 1448 1084 1536 oportuit,
1110 1448 1192 1513 ad
1213 1471 1406 1536 quem
1423 1449 1602 1515 docti
1617 1449 2034 1516 offenderunt
2048 1451 2197 1525 viri,
2218 1473 2340 1516 nec
2348 1453 2479 1536 jam
2504 1449 2580 1514 iis

493 1576 660 1643 opus
682 1555 896 1621 fuisset
917 1569 1098 1620 tanto
1123 1555 1346 1620 labore
1375 1557 1724 1644 Epistolam
1756 1556 2025 1622 scrutari
2038 1603 2058 1636 ,
2090 1557 2246 1622 dum
2267 1571 2581 1644 cuperent

501 1689 530 1718 «ι
557 1662 744 1748 plura
777 1661 938 1727 datis
963 1662 1278 1740 invenire,
1301 1691 1329 1721 υ
1354 1677 1420 1728 et
1442 1664 1637 1751 longe
1670 1685 1705 1727 a
1733 1679 1935 1742 recta,
1958 1686 2153 1751 quam
2180 1663 2579 1730 monstrabat

495 1787 744 1852 auctor,
773 1773 875 1837 via
904 1771 1346 1836 deflecterent.

584 1879 803 1944 Fusius
832 1901 908 1944 ea
937 1878 1020 1944 de
1051 1900 1123 1943 re
1151 1879 1447 1944 disseruit
1469 1879 1576 1945 Cl.
1598 1879 2010 1968 Eschenbarg
2034 1881 2203 1966 (not.
2234 1885 2261 1944 1
2288 1881 2374 1946 ad
2390 1884 2583 1948 Com·

501 1999 778 2049 mentar.
801 1984 1150 2050 doctissimi
1169 1985 1359 2048 Har-d
1374 1986 1442 2051 in
1458 1985 1629 2051 hanc
1652 1987 1916 2075 Epist.),
1934 2010 2128 2076 quam
2146 2004 2219 2052 ut
2238 1989 2585 2078 mihiquid-

497 2115 692 2180 quam
715 2095 795 2159 sit
809 2094 1206 2160 addendum.
1225 2097 1528 2161 Attamen
1547 2098 1835 2170 omnium
1856 2099 2145 2185 quamvis
2159 2099 2583 2186 interpretum

497 2225 788 2268 errorem
825 2204 927 2270 vir
968 2204 1400 2293 sagacissimus
1438 2207 1763 2272 notaverit
1783 2254 1801 2286 ,
1846 2223 1912 2272 et
1952 2206 2036 2271 ad
2080 2231 2301 2272 verum
2341 2208 2422 2273 de
2460 2208 2587 2272 hac

499 2311 778 2398 Epistola
795 2311 1110 2396 judicium
1141 2314 1434 2400 proxime
1464 2313 1761 2396 videatur
1790 2312 2119 2391 accedere,
2147 2312 2447 2401 equidem
2470 2335 2587 2379 ne—

502 2443 674 2507 queo
693 2469 712 2501 ,
747 2444 870 2508 pro
901 2421 1067 2486 virili
1105 2439 1288 2510 parte
1309 2471 1327 2503 ,
1361 2445 1498 2490 non
1530 2424 1907 2510 impugnare
1942 2424 2323 2487 sententiam
2350 2424 2539 2488 istam
2565 2449 2582 2487 ε

509 2559 538 2588 α
567 2531 812 2596 nemini
836 2531 1076 2598 scilicet
1101 2531 1369 2598 dubium
1402 2536 1569 2614 fore,
1592 2534 1751 2620 quin
1772 2533 2045 2598 maxima
2066 2555 2216 2621 pars
2232 2531 2423 2619 hujus
2438 2533 2589 2622 Epi·-

502 2638 677 2703 stolae
701 2638 783 2703 ad
807 2639 1150 2705 theatrales
1171 2639 1413 2706 fabulas
1433 2656 1764 2728 spectet.»

595 2750 815 2832 Quum
853 2749 1026 2812 enim
1060 2747 1228 2813 hanc
1257 2747 1611 2835 Epistolam
1650 2747 1875 2835 saepius
1912 2769 1989 2812 ac
2035 2713 2263 2835 saepius
2299 2749 2588 2837 perlege-

504 2881 678 2938 rem,
705 2859 1104 2924 doctissimos
1133 2859 1525 2945 interpretes
1556 2859 1625 2920 in
1656 2857 1764 2921 illa
1785 2855 2187 2946 explananda
2213 2857 2588 2945 plerumque

507 2967 842 3054 cespitasse
861 2992 878 3045 3
905 2969 1079 3034 viros
1103 2967 1258 3032 item
1277 2967 1737 3032 eruditissimos
1754 2969 1840 3030 Le
1859 2969 2134 3030 Batteux
2157 2981 2224 3030 et
2240 2967 2438 3031 Hurd
2452 2987 2589 3032 eam

507 3075 642 3142 fere
677 3093 875 3142 totam
903 3077 986 3141 ad
1019 3076 1436 3141 dramaticam
1468 3098 1584 3140 seu
1612 3074 1948 3162 poeticen,
1988 3097 2103 3140 seu
2130 3073 2395 3140 criticen
2420 3087 2593 3136 retu·

510 3185 648 3250 lisse
665 3234 682 3266 ,
722 3209 802 3251 eo
835 3185 1036 3273 magis
1061 3183 1343 3250 mirabar
1365 3183 1544 3272 quod
1560 3231 1579 3262 ,
1604 3184 1722 3248 etsi
1751 3183 2059 3247 attentius
2088 3179 2455 3269 opusculum
2486 3199 2590 3242 re-

513 3295 1008 3383 cognoscebam,
1039 3317 1125 3360 ne
1157 3310 1453 3383 quartam
1477 3293 1739 3381 quidem
1768 3293 1933 3356 illius
1956 3305 2205 3378 partem
2229 3287 2311 3352 ad
2332 3309 2593 3352 scenam

511 3404 838 3490 pertinere
853 3451 872 3482 ,
918 3402 1368 3490 comperirem.
1409 3403 1633 3486 Neque
1668 3398 2101 3486 intelligebam
2134 3394 2399 3460 omnino
2435 3394 2594 3482 quid

511 3534 714 3577 causae
751 3529 950 3592 esset,
977 3533 1094 3578 cur
1114 3510 1417 3577 Horatius
1435 3557 1452 3588 ,
1485 3509 1643 3574 dum
1676 3509 1961 3576 scenicos
1993 3520 2287 3590 auctores
2310 3503 2415 3568 vel
2444 3502 2599 3604 edo·

515 3637 665 3682 cere
683 3665 703 3698 ,
726 3617 830 3684 vel
857 3639 1122 3704 carpere
1145 3615 1436 3682 studeret
1453 3661 1472 3694 ,
1499 3614 1669 3680 hanc
1690 3614 2087 3702 potissimum
2110 3609 2379 3695 eligeret
2398 3608 2591 3682 viam3

515 3749 632 3790 cur
660 3727 848 3792 toties
876 3726 1216 3792 abitinere
1240 3725 1603 3815 proposito,
1638 3746 1714 3789 ac
1738 3723 2003 3788 minima
2029 3720 2113 3786 de
2136 3741 2325 3786 causa
2344 3715 2599 3784 recede-

514 3850 639 3914 ret,
659 3857 872 3924 neque
894 3837 1089 3902 ullam
1104 3837 1236 3902 fere
1253 3835 1526 3902 haberet
1546 3833 1845 3906 servandi
1864 3831 2114 3899 ordinis
2133 3850 2377 3904 curam;
2405 3847 2601 3914 quan-

515 3960 734 4023 quam,
753 3957 828 4026 ut
836 3944 1006 4009 bene
1017 3945 1196 4020 novi,
1237 3943 1521 4030 epistola».
1540 3940 2007 4027 indiligentiori
2034 3937 2203 4026 stylo
2220 3935 2307 4000 ad
2323 3935 2599 4000 amicum

511 4043 788 4132 scriptoe,
806 4047 872 4112 in
894 4051 1110 4135 pretio
1131 4072 1392 4138 quoque
1416 4066 1513 4115 est
1532 4047 1900 4114 inaffectata
1910 4043 2312 4132 jucunditas.
