3000 4684
739 398 851 469 IN
900 400 1479 469 EPISTOLAM
1527 403 1676 471 An
1710 403 2148 475 PlsoNES.
2353 382 2480 475 551

402 532 503 588 sed
526 532 821 589 stabilibus
840 532 1108 607 spondeis
1130 532 1262 589 loco
1290 532 1493 590 cedere
1517 534 1744 609 cogitur
1765 555 1784 604 ;
1821 547 2042 593 tantum
2075 537 2231 595 abest
2247 550 2327 595 ·ut
2358 558 2490 603 mo—

400 630 543 685 biles
583 639 638 683 et
666 630 880 687 incitati
922 627 1065 685 fiant
1087 628 1359 687 Trimetri
1383 628 1666 699 Enniani,
1697 643 1764 689 ut
1781 632 1975 703 tarde,
2003 634 2186 701 lente,
2225 635 2496 709 graviter,

400 726 725 803 ponderose
751 726 1037 797 incedant,
1061 726 1222 800 quod
1244 726 1429 803 ipsum
1448 727 1546 784 hic
1565 728 1828 801 queritur
1855 741 1914 786 et
1925 731 2216 805 vituperat
2233 732 2490 791 Flaccus.

400 825 579 882 Recte
604 824 781 899 igitur
796 820 1133 893 Nobilibus5
1164 830 1481 904 seponas&
1513 844 1660 899 quos
1687 825 1776 883 isti
1808 825 2062 883 fautores
2092 838 2151 883 et
2174 827 2496 885 admirato-

402 940 495 982 res
512 931 771 981 veterum
798 922 861 977 in
886 922 1087 979 caelum
1114 920 1388 979 ferebant.
1410 922 1679 981 Ceterum
1705 922 1862 979 hunc
1884 924 2078 982 locum
2103 924 2208 981 diu
2226 944 2495 983 correxe-

402 1040 559 1090 ram
590 1040 773 1096 quum
810 1034 1007 1097 postea
1045 1021 1428 1098 deprehendi,
1472 1034 1528 1080 et
1562 1023 1948 1081 Theodorum
1981 1025 2307 1081 Marcilium
2348 1024 2498 1082 illud

403 1120 615 1175 missus
644 1120 911 1194 priorem
940 1138 1011 1177 ex
1042 1120 1371 1193 conjectura
1410 1119 1658 1191 dedisse,
1685 1130 1746 1179 et
1771 1122 1854 1177 Cl.
1883 1122 2054 1179 etiarn
2081 1122 2408 1193 Dacierium
2433 1122 2496 1179 in

404 1215 555 1273 illius
580 1217 916 1276 sententiam
940 1226 1095 1275 recte
1118 1228 1174 1274 et
1196 1217 1518 1294 prudenter
1549 1218 1902 1275 concessisse.
1936 1219 2158 1277 Brun..

1015 1540 1343 1603 Excessus
1372 1542 1519 1619 ΧΠ,
1551 1562 1721 1605 vers.
1755 1542 1908 1607 270.

719 1701 811 1761 Ae
830 1700 1031 1763 nostri
1036 1702 1275 1787 proavi
1289 1700 1625 1769 Plautinos
1646 1714 1708 1766 ec
1732 1724 2040 1781 numeros,
2065 1715 2179 1766 etc.

488 1891 573 1947 Ita
590 1900 745 1948 nunc
765 1890 1030 1961 editores,
1046 1894 1497 1972 Nostriproavi:
1516 1914 1700 1971 quum
1718 1906 1774 1952 et
1801 1895 2077 1953 editiones
2108 1895 2418 1971 principes,
2437 1909 2494 1953 et

408 2006 603 2047 omnes
628 1987 747 2045 sere
773 1990 1031 2047 omnium
1050 1990 1423 2061 membranae,
1441 2003 1653 2050 nostrae
1679 2004 1833 2050 certe
1858 1994 2141 2061 meliores,
2165 1993 2496 2063 Graevianae,

406 2088 721 2159 Vossianae,
746 2089 1075 2163 Leidenses,
1115 2092 1465 2167 Reginenses
1515 2112 1648 2151 cum
1685 2094 1806 2149 aliis
1845 2094 2122 2166 habeant,
2154 2118 2180 2145 α
2207 2096 2284 2149 At
2315 2096 2500 2151 vem-i

404 2185 613 2259 proavi
638 2186 929 2245 Plautinos
956 2198 1013 2245 et
1040 2207 1315 2245 numeros
1350 2200 1408 2246 et
1424 2191 1766 2261 *Laudavere
1793 2192 1966 2260 sales3
1999 2190 2240 2257 nimium
2269 2191 2496 2267 patien-

404 2296 493 2351 ter
531 2297 876 2363 utrunque,
918 2290 1004 2345 Ne
1042 2289 1227 2347 dicam
1258 2290 1454 2360 stulte,
1502 2290 1710 2347 mirati.
1729 2316 1752 2343 υ
1789 2291 1948 2361 Quid
1987 2302 2176 2347 autem
2217 2290 2415 2346 attinet
2461 2310 2494 2345 a

406 2383 689 2441 codicum·
708 2387 1043 2445 auctoritate
1068 2387 1390 2457 discedere3
1430 2398 1497 2443 ut
1522 2388 1852 2461 lectionem,
1895 2389 1940 2445 si
1966 2407 2088 2445 non
2113 2386 2500 2457 deteriorem,

406 2490 465 2536 at
504 2492 657 2535 certe
682 2482 865 2539 nihilo
906 2485 1201 2541 meliorem
1232 2484 1615 2559 adoptemus?
1653 2486 1842 2543 Vestri
1873 2486 2114 2560 pmavi,
2147 2503 2182 2540 ο
2217 2484 2461 2539 Pisones
2469 2505 2496 2553 ;

406 2594 541 2633 nam
570 2576 679 2633 hos
706 2577 827 2649 jam
850 2581 1317 2655 compellaverat;
1332 2610 1357 2633 a
1380 2584 1584 2637 ....Vos
1605 2583 1949 2658 exemplaria
1969 2584 2174 2639 Graeca
2192 2582 2498 2639 Nocturna

407 2684 627 2729 versate
654 2692 861 2743 manu,
895 2686 1116 2733 versate
1148 2676 1375 2733 diurna.
1410 2680 1491 2733 At
1526 2680 1710 2733 vestri
1745 2679 1948 2753 proavi
1979 2678 2270 2735 Plautinos
2287 2717 2302 2745 ,
2331 2690 2434 2735 ete.
2467 2702 2493 2729 »

407 2770 567 2827 Nihil
598 2770 857 2847 profecto
880 2771 975 2829 hie
1006 2782 1117 2841 est,
1159 2773 1323 2847 quod
1348 2773 1676 2848 quempiam
1708 2773 1978 2831 offendat.
2014 2775 2090 2830 At
2121 2774 2268 2829 illud
2300 2774 2504 2831 Nostri

394 2872 611 2947 proavi
638 2890 844 2948 magna
870 2872 1323 2931 circumveniunt
1350 2874 1734 2933 incommoda.
1765 2874 1993 2949 Quippe
2015 2873 2274 2929 omnium
2301 2892 2360 2929 se
2391 2892 2491 2930 ca-

408 2970 630 3026 chinnis
652 2971 1003 3045 exposuisset
1042 2971 1281 3042 Noster,
1308 2973 1359 3030 si
1385 2982 1550 3049 patre
1580 2971 1882 3041 libertino,
1929 2970 2164 3027 homine
2197 2970 2464 3029 Graeculo
2477 3010 2499 3041 ,

409 3078 477 3126 ut
500 3066 767 3142 equidem
792 3066 962 3143 p'uto,
988 3068 1079 3125 vel
1098 3070 1246 3145 Syro
1274 3069 1425 3127 forte
1448 3080 1548 3125 aut
1569 3068 1716 3126 Afro
1743 3079 1940 3139 natus,
1965 3068 2218 3126 Nostros
2243 3085 2502 3142 proavos

409 3184 510 3224 seu
530 3166 779 3234 incaute,
800 3166 917 3223 sive
942 3166 1193 3243 gloriose
1212 3166 1475 3225 dixisset:
1502 3166 1664 3240 quasi
1683 3166 1804 3242 ipse
1831 3164 2070 3233 Paulus,
2088 3165 2182 3222 vel
2208 3164 2498 3235 Messalla,

410 3263 501 3320 vel
526 3247 839 3337 Pompilius
870 3263 1095 3340 sanguis
1117 3274 1274 3321 esset.
1301 3264 1373 3322 Id
1399 3263 1562 3338 quod
1593 3263 1732 3321 olim
1761 3262 2046 3337 Victorius
2074 3262 2499 3339 Lambinusque

412 3370 565 3417 recte
590 3359 945 3433 judicarunt.
982 3363 1060 3417 At
1096 3378 1332 3419 manum
1368 3359 1551 3433 injicit
1601 3359 1951 3421 Theodorus
1995 3360 2316 3427 Mamilius,
2359 3357 2496 3433 qui:

414 3454 749 3529 Perpemm,
770 3457 877 3529 ait,
898 3476 1200 3515 con-exere
1230 3458 1433 3516 vestri:
1460 3476 1604 3515 nam
1625 3458 1738 3515 civi
1751 3471 1810 3514 et
1827 3458 2028 3533 equiti,
2049 3469 2108 3513 et
2129 3458 2358 3515 tribuno
2383 3456 2501 3513 mi-

412 3553 575 3611 litum
584 3552 699 3623 sac
726 3568 848 3611 emt
866 3556 1055 3613 dicem
1073 3555 1273 3613 Nostri
1290 3554 1530 3631 proavi,
1554 3556 2040 3631 quequmodum
2051 3554 2290 3623 Seneca,
2309 3570 2500 3629 quan—

414 3668 594 3726 quam
612 3651 824 3706 Iber-ici
837 3654 1087 3727 genet-125,
1106 3654 1333 3711 Nostris
1354 3652 1678 3726 majoribus
1695 3653 1860 3715 dizit.
1887 3651 2090 3728 Atqui,
2113 3672 2150 3709 o
2170 3652 2348 3717 hone,
2377 3670 2500 3707 non

416 3747 626 3815 vestri,
663 3748 761 3807 sed
788 3748 933 3807 illud
958 3762 1123 3809 tuum
1142 3751 1327 3809 nostri
1348 3770 1383 3807 a
1405 3749 1833 3808 correctoribus
1863 3761 1982 3819 est;
2011 3768 2195 3825 quum
2219 3760 2278 3807 et
2301 3746 2501 3822 scripti

417 3845 553 3903 libri
568 3884 589 3915 ‚
622 3856 681 3901 et
716 3846 983 3923 primitus
1010 3849 1131 3907 cusi
1164 3849 1327 3925 prius
1356 3858 1678 3925 agnoscant.
1713 3849 1938 3905 Senecae
1974 3865 2114 3908 vero
2143 3847 2358 3903 dictum
2385 3844 2499 3899 huc

418 3944 775 4019 pertrahere,
798 3954 854 3999 et
880 3954 945 4003 ut
970 3964 1094 4023 par,
1120 3948 1212 4005 vel
1236 3947 1439 4023 simile,
1454 3946 1592 4003 huie
1617 3948 1970 4021 proponere,
1989 3943 2153 4017 cujus
2169 3940 2501 4017 aetjudicii?

420 4040 593 4119 Epist.
616 4042 660 4112 1,
693 4041 769 4097 ad
798 4042 1111 4100 Lucilium:
1134 4070 1159 4088 w
1181 4045 1273 4101 Tu
1301 4055 1489 4101 tamen
1515 4042 1671 4101 malo
1699 4060 1888 4103 serves
1921 4053 2047 4112 tus,
2075 4052 2132 4099 et
2158 4040 2317 4097 bono
2351 4050 2499 4095 tem-

422 4156 567 4217 pore
593 4140 677 4199 uti
708 4139 977 4217 incipias:
1002 4161 1153 4211 nam,
1188 4154 1252 4199 ut
1272 4144 1455 4201 visum
1486 4153 1568 4203 est
1602 4140 1916 4215 majoribus
1930 4140 2168 4207 nostris,
2201 4157 2322 4197 sera
2361 4154 2502 4219 par-7

2101 4232 2218 4303 35⁴
