3000 4684
358 657 369 688 l

516 287 645 412 =80
1115 339 1203 426 Q.
1256 292 1677 413 nomn
1725 343 2082 414 FLAcm

547 480 735 574 Saepe
766 477 1021 564 forum3
1056 475 1305 550 adsisto
1336 477 1618 553 divinis:
1656 480 1816 550 inde
1847 481 2122 577 domum
2155 509 2264 554 me

544 591 652 666 Ad
683 593 971 689 porri'et
1001 593 1235 664 ciceris
1268 595 1489 666 refero
1521 595 1877 694 laganique
1907 601 2226 671 catinum.
2509 625 2546 660 -ι
2561 625 2587 662 ι
2600 602 2636 662 5

544 715 753 784 Coena
783 710 1203 782 ministratur
1232 717 1458 808 pueris
1490 703 1742 786 tribus:
1777 732 1846 786 et
1881 718 2048 813 lapis
2081 717 2270 790 albus

541 827 787 904 Pocula
820 854 973 900 cum
1005 831 1251 926 cyatho
1286 831 1420 902 duo
1453 835 1772 918 sustinet:
1811 835 2030 907 adstat
2061 838 2335 908 echinus

541 949 749 1040 Vilis,
780 973 931 1018 cum
967 964 1201 1044 patera
1236 965 1495 1046 guttus,
1530 954 1880 1048 Campana
1911 955 2230 1050 supellex.

540 1067 805 1140 Deinde
839 1094 921 1138 eo
953 1065 1356 1158 dormitum3
1390 1093 1530 1140 nou
1565 1069 1920 1162 sollicitus,
1954 1074 2122 1145 mihi
2156 1074 2336 1171 quod
2370 1057 2516 1145 cras

538 1189 961 1287 surgendum
994 1191 1081 1265 sit
1112 1215 1309 1260 mane
1327 1243 1346 1280 ,
1380 1191 1730 1263 obeundus
1761 1197 2062 1290 Marsya,
2097 1196 2212 1289 qui
2241 1221 2311 1265 se
2522 1212 2634 1252 120

538 1303 816 1377 Vultum
853 1304 1031 1375 ferre
1062 1309 1265 1402 negat
1298 1308 1675 1380 Noviorum
1713 1335 1906 1404 posse
1941 1311 2240 1382 minoris.

541 1563 569 1592 α
595 1541 856 1594 Fauacem
890 1541 1023 1594 dixit
1057 1539 1271 1610 (circum
1293 1541 1312 1610 )
1350 1555 1552 1614 propter

536 1625 839 1679 samardacos
855 1625 1184 1696 (impostores)
1204 1638 1257 1680 et
1276 1626 1549 1693 sortilegos,

538 1717 593 1761 et
607 1709 993 1773 mathematicos,
1012 1711 1099 1780 qui
1118 1711 1181 1762 ad
1196 1719 1353 1762 metas
1369 1719 1554 1778 specta-

318 1825 325 1832 ·
426 1829 441 1844 .
539 1805 671 1848 tores
684 1794 1086 1862 circumstabant,
1106 1804 1157 1846 et
1172 1793 1431 1863 imperitos
1446 1809 1553 1845 sor-

539 1877 677 1932 tibus
699 1889 752 1930 et
772 1879 914 1945 nugis
938 1877 1192 1930 fallebant.
1214 1897 1325 1927 n—
1340 1875 1549 1937 dzbmis,

536 1963 782 2030 sortilegis
798 1999 814 2031 ‚
846 1979 1009 2016 rerum
1046 1963 1325 2015 futui-amm
1356 1963 1554 2015 vatibus

539 2047 614 2100 vel
646 2048 945 2100 somniorum
977 2046 1349 2113 interpretibus.
1382 2045 1549 2098 Hora-

538 2129 639 2181 tius
676 2140 837 2180 autem
862 2167 876 2191 ‚
913 2127 1031 2178 dum
1068 2137 1124 2178 ut
1157 2129 1304 2178 homo
1338 2127 1550 2192 vulgaris

536 2212 777 2280 ejusmodi
794 2211 1050 2264 hominum
1070 2209 1267 2263 circulis
1284 2227 1335 2260 se
1352 2211 1548 2262 immis-

536 2305 688 2358 ceret,
710 2303 761 2348 et
775 2294 1055 2363 vespertino
1078 2302 1295 2361 tempore
1313 2293 1411 2364 huc
1429 2294 1548 2346 illuc

539 2381 593 2433 in
616 2379 723 2431 foro
738 2375 1198 2443 circumvagabatur,
1218 2374 1429 2428 faciebat
1446 2376 1546 2430 ali-

536 2463 661 2534 quid
679 2499 694 2524 ‚
730 2462 861 2532 quod
902 2477 933 2512 a
978 2460 1276 2512 nobiliorum
1310 2460 1549 2527 dignitate

535 2545 753 2598 alienum
770 2543 1049 2612 putabatur.
1062 2542 1195 2595 Hinc
1210 2543 1371 2596 Schol.
1386 2543 1542 2614 Cruq.

540 2645 569 2676 ιι
594 2626 785 2680 altioris
816 2627 1073 2693 dignitatis
1106 2625 1330 2680 homines
1364 2627 1545 2680 erube—

535 2723 679 2766 scunt
708 2729 818 2763 sero
848 2709 901 2762 in
934 2708 1016 2763 his
1046 2709 1175 2780 vulgi
1201 2709 1397 2764 circulis
1424 2729 1546 2765 con-

534 2797 729 2850 sistere.
753 2817 780 2846 2>
797 2825 867 2836 --
880 2793 975 2846 Ad
985 2798 1191 2866 μηνίει
1206 2793 1414 2856 ether-125,
1434 2796 1544 2848 ole-

536 2897 647 2933 rum
665 2917 679 2942 ,
697 2879 828 2932 unde
853 2878 1147 2946 intelligitur
1163 2896 1311 2948 quam
1332 2879 1550 2932 modesta

535 2981 705 3018 mensa
723 2965 805 3016 sit.
828 2963 1343 3034 En.-—lagan1'que;
1378 2961 1541 3014 Schol.

534 3049 691 3120 Cruq¹
714 3068 741 3096 ιι
763 3049 958 3118 lagana
974 3057 1090 3099 sunt
1108 3044 1392 3114 placentulas
1405 3063 1544 3114 quas—

534 3135 646 3187 dam
661 3131 897 3199 vulgares,
906 3131 1047 3199 quasi
1060 3126 1404 3180 membranulae
1416 3145 1545 3180 com·

534 3220 735 3290 posita,
750 3232 860 3286 qum
878 3230 987 3266 cum
1012 3213 1184 3281 pipere
1206 3223 1257 3264 et
1274 3212 1544 3281 liquamine

533 3303 741 3355 condite
771 3297 992 3366 depromi
1022 3295 1246 3347 solebant
1268 3295 1329 3346 ad
1358 3291 1542 3348 coenam

534 3386 831 3439 moderatam
857 3391 908 3431 et
934 3379 1220 3448 mirabilem.

609 3480 629 3520 ¹
646 3478 726 3522 tc.
748 3462 939 3517 Pueris
952 3461 1133 3523 tribus,
1155 3460 1360 3512 ditiores
1378 3469 1542 3511 autem

534 3551 809 3606 innumeris
828 3548 994 3617 pueris
1010 3555 1255 3599 coenantes
1270 3545 1542 3597 circumda-

532 3637 730 3688 bantur.
750 3634 922 3687 En.-—
937 3631 1067 3702 lapis
1090 3627 1260 3688 albus,
1282 3628 1367 3680 alii
1388 3627 1544 3678 intel-

531 3719 692 3786 ligunt
726 3720 869 3772 basin
903 3731 1123 3770 vasorum
1158 3713 1542 3767 collocandorum

530 3819 673 3856 causa
692 3813 909 3873 paratam
933 3803 983 3854 in
1006 3800 1189 3866 abacis,
1206 3799 1323 3869 quia
1350 3797 1539 3868 pocula,

532 3885 687 3958 fundo
708 3886 974 3955 sphaerico,
1008 3901 1101 3953 per
1121 3901 1173 3936 se
1203 3873 1333 3936 sta're
1359 3881 1541 3950 nequi—

528 3971 669 4024 bant.
702 3967 808 4022 Nos
830 3965 1120 4037 simpliciter
1144 3967 1436 4035 accipiemus
1452 3965 1537 4017 al·—

530 4049 651 4104 Bum
696 4047 916 4122 lapidem
962 4049 1026 4100 de
1050 4049 1291 4114 ,mensula
1334 4049 1463 4102 nuda
1509 4065 1538 4099 e

1623 1562 1759 1618 saxo,
1779 1547 1856 1600 vel
1883 1534 2152 1600 marmorea
2164 1586 2178 1610 ‚
2195 1564 2305 1618 quae
2323 1546 2461 1599 abaci
2479 1546 2638 1600 vicem

1621 1641 1774 1696 gerat.
1798 1631 2170 1682 En.-Pocu1a
2186 1629 2308 1690 duo,
2331 1647 2423 1699 par
2437 1633 2614 1700 poculo
2626 1661 2642 1672 ·

1623 1730 1770 1781 rum3
1807 1713 2008 1781 singulis
2043 1715 2177 1766 enim
2211 1713 2550 1776 coenantibus,
2579 1719 2646 1766 ut'

1623 1795 1850 1848 observat
1875 1795 2144 1848 Turnebus
2187 1797 2240 1848 in
2271 1793 2482 1849 Advers.
2514 1798 2598 1848 IX.
2617 1835 2634 1864 ‚

1629 1887 1724 1944 ιο,
1755 1895 1846 1947 par
1878 1877 2160 1948 poculorum
2187 1879 2238 1930 in
2263 1895 2434 1931 mensa
2453 1881 2634 1949 apponi

1621 1959 1826 2012 solebat.
1843 1989 1918 1998 —
1938 1959 2147 2028 cyatho,
2169 1961 2272 2029 jam
2303 1961 2492 2014 ati-0⁴1.
2517 1963 2632 2028 ΙΙΙ,

1625 2051 1708 2100 19,
1734 2053 1816 2108 ¹2,
1838 2043 2111 2095 notavimus
2131 2043 2359 2113 cyathum
2385 2046 2629 2100 vasculum
2693 2109 2698 2114 ,

1621 2123 1773 2176 fuisse
1792 2119 1893 2194 quo'
1907 2125 2176 2178 utebantur
2193 2127 2254 2178 ad
2276 2127 2522 2194 implenda
2539 2147 2632 2196 po-
2708 2193 2740 2200 .-

1617 2206 1744 2260 cula.
1770 2209 1866 2272 En.
1885 2237 1956 2246 —
1971 2208 2212 2272 echinus,
2242 2211 2484 2264 vasculum
2500 2228 2632 2279 epu-

1615 2285 1720 2340 lare
1746 2291 1808 2342 ad
1829 2289 2035 2343 formam
2065 2293 2232 2344 echini
2263 2295 2470 2346 effictum
2487 2311 2501 2357 3
2521 2279 2624 2350 vet.

1616 2369 1780 2423 Schol.
1807 2391 1834 2419 α
1855 2370 2101 2426 Echinum
2123 2375 2254 2427 dixit
2285 2394 2369 2429 vas
2401 2394 2592 2431 aeneum
2613 2419 2630 2444 ‚
2700 2369 2704 2372 ’

1618 2452 1673 2504 iu
1694 2471 1793 2522 quo
1821 2454 1994 2507 calices
2015 2455 2258 2510 lavantur.
2284 2479 2311 2507 n
2335 2459 2430 2511 Sed
2445 2461 2549 2512 Fea
2567 2463 2631 2515 ad

1618 2537 1745 2589 hanc
1769 2556 1931 2591 vocem
1963 2539 2095 2593 baec:
2122 2562 2149 2589 α
2169 2541 2418 2604 echinus,
2455 2563 2634 2616 nempe

1617 2617 1811 2673 concha
1845 2625 2000 2684 catate,
2032 2641 2168 2694 supr.
2210 2626 2312 2678 Sat.
2347 2628 2374 2678 Ι
2395 2665 2410 2688 ,
2451 2640 2512 2692 3,
2545 2641 2630 2698 Η,

1617 2707 1842 2758 salinum
1869 2707 1966 2758 od.
1993 2708 2067 2771 ΙΙ,
2095 2719 2180 2776 16,
2205 2720 2290 2777 u,
2308 2712 2427 2780 quia
2448 2713 2633 2767 concha

1617 2789 1766 2840 fiebat
1783 2807 1846 2842 ex
1863 2790 2063 2850 echinis
2082 2792 2428 2856 concharum,
2461 2805 2516 2846 ut
2535 2813 2635 2850 no-

1619 2883 1688 2924 tat
1723 2871 1886 2926 Acron
1923 2875 1986 2926 ad
2021 2865 2120 2926 Od.
2151 2875 2239 2938 ΙΙ,
2279 2888 2336 2938 ’1,
2371 2888 2459 2930 23.
2489 2897 2517 2926 a
2556 2879 2635 2932 De

1616 2956 1806 3010 Echino
1823 2959 1924 3011 vid.
1947 2960 2008 3012 ad
2021 2959 2254 3028 Epod.V,
2267 2973 2629 3032 28.—-guoeus‚

1617 3059 1646 3092 a
1676 3056 1828 3111 gutta
1847 3079 1864 3102 ,
1903 3045 2149 3096 vasculum
2169 3083 2184 3108 ,
2221 3063 2250 3096 e
2283 3034 2634 3116 quo‘liquores

1615 3128 1842 3192 guttatim
1875 3128 2296 3196 demittebantur;
2327 3149 2425 3201 quo
2450 3133 2632 3200 praeci-

1616 3229 1712 3279 pue
1757 3213 2025 3264 utebantur
2068 3215 2121 3266 in
2169 3233 2225 3266 re
2257 3215 2426 3268 divina
2446 3254 2462 3282 ,
2499 3219 2634 3270 unde

1609 3309 1794 3364 guam
1821 3299 1924 3364 jam
1960 3316 2070 3350 cum
2091 3313 2272 3370 pater-a
2295 3302 2628 3368 conjungitur.

1614 3408 1684 3416 —
1705 3379 1965 3450 Campana
1985 3384 2220 3452 supellex
2235 3421 2254 3445 ,
2280 3384 2397 3453 quia
2422 3395 2554 3438 terra
2575 3387 2631 3438 in

1613 3460 1885 3530 Campania
1929 3467 2057 3517 vasis
2105 3467 2338 3520 fictilibus
2383 3470 2632 3537 praecipue

1613 3547 1927 3600 conficiendis
1941 3561 2056 3618 apta
2074 3551 2186 3602 l'uit.
2207 3553 2288 3604 Sic
2301 3553 2418 3605 infr.
2433 3553 2537 3607 Sat.
2554 3553 2628 3620 ΙΙ,

1617 3641 1667 3696 δ,
1693 3643 1788 3684 tu
1811 3650 1824 3681 z
1853 3651 1879 3680 α
1899 3631 2148 3702 Campana
2172 3636 2336 3689 trulla.
2364 3658 2390 3686 n

1689 3726 1806 3768 120.
1833 3717 2071 3784 Marsya,
2092 3717 2166 3770 vel
2181 3720 2440 3788 Marsyas,
2463 3723 2629 3778 Schol.
2729 3749 2732 3757 ·

1613 3798 1768 3868 Cruq.
1795 3819 1822 3848 α
1843 3801 2041 3870 Marsya
2082 3811 2240 3856 statua
2273 3817 2378 3858 erat
2411 3824 2502 3875 pm
2539 3827 2630 3884 ro-

1612 3883 1749 3946 stris,
1765 3883 1826 3934 ad
1840 3900 1987 3952 quam
2001 3884 2224 3938 solebant
2239 3891 2502 3943 convenire
2512 3908 2630 3944 cau-

1611 3965 1754 4017 sidici
1776 4004 1790 4032 ,
1808 3967 1896 4037 qui
1919 3965 2033 4018 lites
2053 3978 2106 4018 et
2130 3972 2322 4036 negotia
2352 3974 2634 4028 tractabant

1609 4057 1662 4100 et
1680 4049 2050 4120 componebant.
2074 4051 2231 4104 Iocus
2255 4065 2419 4108 autem
2442 4073 2630 4110 nomen
