3000 4684
529 328 669 415 432
1269 329 1872 400 PROOEMIUM

527 499 764 544 annum
785 479 867 542 U.
892 479 973 542 C.
999 477 1150 541 739.
1170 477 1351 541 Tunc
1378 493 1446 541 et
1471 479 1622 542 Piso
1658 477 1793 565 ipse
1828 479 2103 544 florebat
2133 493 2347 558 aetate,
2372 479 2623 566 filiique

526 591 662 673 ejus
689 585 863 650 haud
891 586 982 648 ita
1006 583 1262 673 pridem
1293 609 1371 650 ex
1411 587 1629 674 pueris
1662 604 2099 652 excesserant:
2136 588 2378 653 etenim
2416 609 2617 675 quum

509 696 766 784 juvenes
804 697 1033 758 Noster
1068 715 1179 758 eos
1217 694 1497 782 appellat
1534 693 1655 782 (ad
1683 696 1815 759 Pis.
1842 697 2042 783 Epist.
2058 721 2179 762 arv.
2206 699 2290 760 24
2324 711 2391 760 et
2424 697 2615 783 366),

525 804 687 869 nihil
712 803 885 868 aliud
913 827 1105 891 quam
1107 805 1292 890 filios
1308 804 1775 884 voluitdice're,
1800 821 1873 869 ut
1893 806 2121 892 passim
2144 804 2319 893 apud
2338 804 2619 892 optimos

525 927 824 978 auctores
855 909 1188 976 latinitatis
1218 912 1526 977 occurrit.
1570 911 1769 996 Quod
1802 913 1853 976 si
1886 928 2103 976 autem
2139 913 2619 980 meminerimus

526 1042 699 1089 anno
727 1021 879 1098 783,
903 1019 1058 1083 dum
1087 1041 1264 1084 suam
1291 1018 1570 1086 Velleius
1593 1019 1923 1086 historiam
1948 1021 2411 1098 conscriberet,
2436 1019 2617 1086 Piso-

525 1153 680 1194 nem
691 1129 886 1196 Urbis
904 1129 1283 1217 praefectum
1311 1129 1526 1208 fuisse,
1550 1141 1689 1194 non
1712 1130 1837 1194 erit
1856 1129 2039 1217 quod
2060 1129 2393 1194 credamus
2412 1129 2613 1194 filium

529 1240 661 1320 ejus
688 1253 846 1302 natu
867 1241 1178 1324 majorem
1203 1253 1417 1324 togam
1444 1238 1694 1302 virilem
1716 1241 1851 1324 jam
1877 1238 2214 1325 sumpsisse
2236 1263 2253 1314 3
2292 1259 2517 1302 verum
2538 1259 2617 1301 ea

529 1346 597 1410 in
618 1361 804 1409 aetate
823 1353 978 1422 esse,
1002 1367 1132 1430 qua
1147 1349 1368 1410 Romae
1387 1345 1575 1432 pueri
1594 1345 1843 1410 nobiles
1864 1367 1940 1410 ac
1960 1345 2311 1411 liberaliter
2332 1344 2611 1422 educati,

526 1455 916 1543 praecipuam
937 1454 1142 1519 literis
1160 1477 1428 1542 operam
1449 1453 1714 1519 dabant.

619 1563 871 1646 Quibus
899 1562 1120 1649 positis
1135 1609 1152 1640 ,
1180 1560 1340 1625 mihi
1369 1561 1440 1625 in
1467 1562 1755 1626 animum
1774 1561 2019 1626 induco
2036 1561 2205 1627 hanc
2228 1561 2415 1626 fuisse
2432 1582 2617 1626 occa-

527 1670 776 1734 sionem
797 1667 1154 1734 scribendoe
1175 1669 1356 1733 istius
1373 1669 1695 1756 Epistolae.
1732 1673 1906 1734 Dum
1930 1669 2133 1735 literis
2156 1668 2445 1734 studeret
2464 1666 2617 1731 Piso

527 1775 1036 1842 adolescentulus
1055 1820 1072 1854 ,
1106 1793 1378 1863 poeseos
1406 1775 1729 1841 illecebris
1758 1775 2061 1841 delinitus
2074 1823 2092 1856 ,
2113 1776 2233 1840 sibi
2256 1792 2619 1863 temperare

509 1906 666 1974 ‚non
702 1883 941 1972 potuit,
983 1883 1144 1969 quin
1183 1905 1402 1948 versus
1443 1883 1579 1970 ipse
1620 1883 1967 1964 factitant,
2010 1907 2149 1948 non
2172 1881 2621 1949 oblectationis

530 1991 794 2079 quidem
823 2011 1014 2056 causa
1031 2037 1050 2068 ,
1083 2006 1158 2055 ut
1193 1991 1488 2055 solebant
1522 1989 1666 2067 alii3
1706 2012 1782 2055 ac
1819 1989 2049 2056 ludum
2080 1991 2261 2056 seriis
2278 2039 2295 2071 ,
2341 2012 2465 2054 nec
2484 1990 2621 2072 jam

536 2127 566 2160 α
595 2101 750 2166 ludo
780 2101 946 2166 seria
969 2129 999 2158 ι»
1037 2114 1360 2165 verteret:
1405 2122 1778 2186 quanquam
1814 2123 2085 2186 perraro
2126 2099 2343 2164 evenit
2362 2145 2380 2177 ,
2426 2114 2501 2162 ut
2536 2096 2625 2161 ad

479 2191 485 2200 ¹
529 2231 827 2274 vesanam
847 2207 1026 2272 illam
1048 2208 1336 2272 carmina
1363 2205 1655 2294 fingendi
1682 2207 2042 2287 libidinem,
2072 2227 2212 2292 quae
2238 2205 2624 2293 plerumque

530 2318 599 2382 in
632 2321 904 2402 juvenes
947 2314 1142 2394 cadit,
1187 2315 1587 2380 fortunatum
1618 2337 1695 2379 ac
1734 2315 1915 2381 dives
1948 2313 2213 2380 accedat
2258 2314 2618 2400 ingenium.

536 2429 755 2510 Quum
798 2439 1012 2488 autem
1051 2429 1126 2488 L.
1163 2426 1314 2489 Piso
1333 2472 1352 2503 ,
1391 2447 1430 2489 e
1465 2423 1815 2490 clarissima
1854 2423 2028 2511 apud
2066 2426 2389 2487 Romanos
2424 2434 2623 2506 gente

533 2532 866 2612 oriundus,
883 2530 1091 2597 decus
1111 2555 1148 2596 a
1164 2533 1514 2615 majoribus
1530 2532 1865 2613 traditum,
1894 2547 2205 2620 quantum
2222 2546 2437 2618 posset
2454 2529 2617 2608 fieri,

530 2640 650 2705 sub
669 2638 1040 2727 principum
1061 2640 1334 2727 imperio
1359 2655 1627 2728 cuperet
1646 2639 1931 2704 retinere
1951 2688 1970 2719 ,
1994 2654 2441 2725 metueretque
2462 2635 2617 2716 filio,

532 2770 617 2812 ne
632 2749 886 2813 veniret
907 2747 979 2814 in
1007 2747 1190 2812 famae
1218 2746 1567 2813 discrimen
1583 2795 1602 2826 ,
1630 2747 1809 2843 quod
1840 2771 2045 2835 genus
2073 2751 2206 2832 ejus
2228 2748 2493 2812 minime
2512 2745 2625 2812 de·

533 2857 712 2922 ceret
727 2856 1140 2944 futuramque
1165 2851 1631 2934 conditionem,
1662 2877 1813 2920 eum
1840 2877 1879 2918 a
1900 2877 2171 2943 poeseos
2196 2855 2412 2920 studio
2438 2875 2625 2941 pror—

533 2987 638 3030 sus
661 2963 1166 3030 abstrahendum
1191 2963 1458 3028 censuit.
1491 2964 1672 3028 Gens
1692 2962 2070 3050 Calpurnia,
2090 2986 2126 3026 a
2151 2961 2382 3050 Calpe,
2404 2965 2625 3025 Numae

413 3087 422 3100 “
535 3071 696 3152 filio,
734 3071 819 3136 ad
851 3071 921 3136 id
953 3093 1158 3158 usque
1189 3087 1446 3158 tempus
1471 3093 1597 3136 nec
1626 3071 1910 3150 bonum,
1942 3093 2068 3136 nec
2092 3069 2329 3134 malum
2364 3083 2625 3156 poetam

463 3245 471 3252 ,
534 3180 730 3244 ullum
753 3229 772 3260 ,
801 3195 878 3246 ut
906 3179 1188 3260 videtur,
1222 3197 1601 3267 pepereram
1642 3181 1790 3267 quis
1818 3179 2293 3246 adolescentulo
2318 3173 2626 3262 sperandi

536 3285 714 3352 locus
732 3333 750 3366 ,
784 3287 926 3352 fore
957 3303 1029 3351 ut
1044 3333 1064 3366 ,
1096 3309 1133 3350 e
1157 3286 1523 3372 Calpurniis
1542 3286 1791 3374 primus
1808 3334 1827 3366 ,
1856 3286 1925 3350 in
1956 3308 2035 3352 eo
2068 3281 2387 3348 curriculo
2418 3280 2625 3346 incla-

536 3412 822 3462 resceret
840 3443 859 3474 ,
905 3395 976 3459 in
1015 3416 1146 3480 quo
1195 3393 1360 3458 tanti
1385 3392 1628 3458 laboris
1660 3409 1829 3458 esset
1864 3390 2323 3458 antecedentes
2359 3388 2630 3454 aemulos

537 3505 790 3592 assequi
809 3551 826 3584 ,
856 3527 984 3570 nec
1009 3519 1198 3590 turpe
1229 3503 1444 3568 minus
1473 3525 1671 3589 quam
1702 3503 1987 3568 solemne
2001 3548 2019 3581 ,
2054 3500 2335 3588 palmam
2362 3497 2627 3586 quidem

536 3635 928 3703 praesumere
951 3613 1193 3692 anim0,
1212 3611 1458 3677 viribus
1478 3635 1638 3678 vero
1663 3611 1947 3676 destitui.
1969 3613 2058 3676 Ut
2082 3609 2381 3673 omittam
2403 3605 2629 3694 populi

537 3723 1176 3812 inauspicatissimum
1201 3721 1286 3788 de
1303 3721 1561 3808 juvenis
1590 3721 1853 3807 ingenio
1873 3720 2215 3807 judicium,
2240 3718 2293 3782 si
2325 3717 2623 3811 primam,

538 3830 667 3916 qua'
708 3853 954 3897 nomen
999 3832 1134 3915 ejus
1173 3829 1561 3896 innotuisset
1579 3876 1597 3908 ‚
1647 3828 1929 3894 fabulam
1976 3825 2163 3893 sibila
2200 3823 2628 3913 spectantium

539 3935 999 4021 explosissent:
1038 3937 1293 4024 qualem
1325 3938 1394 4002 in
1425 3936 1701 4002 fortunae
1734 3936 1939 4002 aleam
1968 3963 1997 3994 α
2022 3933 2305 3998 derisum
2332 3927 2628 3996 semelae
