3000 4684
572 336 707 407 568
1352 328 1867 397 EXCURSUS

559 473 840 547 jecturam
872 470 1092 533 dicere,
1126 465 1225 522 sed
1252 476 1465 521 certam
1490 462 1972 529 emendationem3
2021 478 2196 535 quam
2233 462 2336 535 qui
2362 461 2554 517 videat
2595 470 2660 517 et

564 588 687 625 non
712 566 921 643 probet
935 604 951 633 ,
979 582 1111 621 eum
1136 564 1199 619 in
1226 562 1316 618 bis
1341 560 1516 617 rebus
1541 559 1835 617 caeciorem
1861 577 1978 616 oese
1998 559 2197 633 quavis
2225 560 2393 634 talpa.
2419 582 2444 605 n
2473 561 2658 615 Recte

564 684 699 722 sane
716 674 923 720 natura
949 669 1343 735 comparatum
1364 669 1471 728 est,
1500 668 1567 713 ut
1586 657 1644 711 in
1665 674 1731 713 re
1751 655 2000 712 literaria
2023 672 2250 730 semper
2267 654 2392 711 vilis
2418 672 2660 711 annona

566 761 637 817 sit
680 755 997 816 istiusmodi
1023 756 1366 831 Talparum3
1412 753 1519 826 qui
1553 750 1735 807 doctis
1775 761 1946 824 atque
1987 748 2399 806 oculatioribus
2437 759 2497 805 et
2537 749 2660 805 ob·-

567 857 904 913 lectamento
928 853 1070 921 sint,
1091 863 1149 907 et
1172 849 1600 925 comparatione
1625 847 1878 923 pretium
1902 846 2224 919 famamque
2255 856 2512 922 augeant.
2533 870 2561 897 ι
2582 847 2656 901 In

566 954 655 1009 bis
688 950 1005 1007 Gronovius
1030 964 1244 1005 nomen
1267 944 1581 1021 profitetur
1607 962 1794 1011 suum,
1815 966 1841 992 ι
1868 942 1970 1015 qui
1995 942 2160 999 Notis
2186 942 2262 998 ad
2284 946 2353 999 A.
2373 942 2652 1010 Gellium,

566 1050 686 1120 IX,
720 1049 777 1117 8,
806 1056 1009 1105 contra
1035 1044 1185 1101 banc
1205 1042 1661 1100 emendationem
1677 1038 1961 1097 cornicari
1978 1038 2196 1113 aliquid
2220 1038 2433 1108 voluit3
2455 1039 2656 1113 quod-

570 1165 683 1222 que
709 1147 829 1220 jam
860 1163 893 1200 a
921 1141 1199 1201 decennio
1246 1150 1644 1208 consueverat,
1687 1137 2110 1194 contumeliosis
2147 1154 2240 1193 me
2283 1136 2476 1195 verbis
2506 1136 2656 1193 aeci-

566 1242 1054 1321 pere.Videamus,
1075 1260 1149 1296 en
1170 1240 1320 1297 forte
1346 1256 1451 1313 per
1474 1237 1728 1294 obscurae
1756 1246 1813 1292 et
1837 1234 2144 1292 faeculentae
2169 1236 2446 1293 orationis
2469 1236 2657 1293 nebu-

565 1340 676 1409 las,
699 1339 841 1414 quid
866 1338 1097 1395 demum
1122 1336 1229 1394 sibi
1254 1334 1422 1406 velit,
1450 1333 1775 1411 perspicere
1796 1334 2096 1391 valeamus.
2117 1336 2276 1411 Ergo
2303 1334 2364 1392 id
2395 1334 2656 1412 primum

566 1438 713 1493 velle
740 1436 933 1493 dicere
960 1434 1189 1491 videtur
1216 1432 1373 1511 (nam
1398 1432 1471 1489 de
1496 1442 1688 1487 mente
1713 1431 1838 1503 ejus
1863 1432 2270 1489 hariolantium
2297 1432 2402 1511 est)
2434 1452 2682 1511 perpe-.

568 1551 695 1593 ram
712 1553 745 1590 a
762 1532 929 1589 nobis
951 1531 1309 1588 fundamenti
1330 1532 1460 1586 loco
1478 1529 1748 1604 positum,
1765 1530 1880 1583 Res
1890 1532 2072 1604 plane
2095 1526 2346 1585 dicemus
2363 1548 2488 1586 esse
2507 1532 2650 1586 Tor-¹-

570 1650 707 1686 num
726 1640 785 1685 et
796 1628 1071 1685 Incudem
1088 1646 1107 1680 .-
1128 1624 1341 1700 quippe
1356 1624 1612 1697 ejusdem
1627 1620 1872 1679 officina
1887 1634 2198 1696 utrumque
2211 1624 2652 1680 instrumentum

566 1744 718 1797 esse3
760 1724 918 1781 torni
948 1742 1117 1780 usum
1152 1740 1269 1779 esse
1300 1720 1361 1776 in
1389 1720 1552 1776 ferro
1593 1731 1650 1776 et
1681 1718 1880 1776 ceteris
1905 1719 2176 1789 metallis3
2213 1730 2271 1775 et
2305 1720 2650 1777 ferramenta

568 1844 699 1899 quir.
723 1823 831 1881 sub
872 1832 1047 1877 torno
1072 1818 1218 1875 male
1256 1828 1687 1896 processerunt,
1731 1816 1808 1873 ad
1845 1815 2114 1873 incudem
2157 1817 2350 1874 denuo
2390 1817 2651 1871 revocari

566 1921 775 1979 solere.
800 1920 947 1977 Sane
970 1916 1034 1973 in
1056 1917 1169 1973 boe
1196 1926 1253 1973 et
1276 1914 1419 1971 alios
1447 1932 1508 1970 se
1529 1914 1714 1970 multo
1741 1913 2056 1989 sagaciores
2085 1932 2278 1971 seeum
2305 1916 2484 1973 habet
2510 1934 2648 1973 sen-

574 2021 791 2079 tientes.

648 2114 944 2173 nacierius
982 2112 1213 2188 quidem
1244 2112 1359 2169 hoe
1386 2112 1614 2169 evicisse
1649 2112 1758 2169 sibi
1795 2090 1954 2170 visus‘
1979 2122 2062 2169 est
2095 2130 2164 2169 ex
2197 2130 2316 2169 uno
2347 2114 2652 2173 strabonis

570 2212 702 2268 loco
739 2210 847 2267 sub
880 2208 1055 2267 finem
1080 2209 1178 2265 lib.
1211 2209 1390 2265 XIII:
1430 2196 1566 2269 Ῑδιον
1600 2209 1648 2267 δ’
1677 2214 1794 2268 ἐστὶ
1825 2213 2059 2290 Κιόύρα,
2088 2214 2152 2269 τὸ
2180 2212 2268 2269 τὸν
2299 2210 2516 2289 σίδηρον
2553 2236 2652 2270 το-

566 2313 816 2388 ρεύεσθαι
848 2306 1047 2385 ῥαδίως
1068 2326 1085 2360 :
1106 2330 1131 2357 α
1154 2306 1232 2360 Ιά
1249 2304 1458 2378 Cibyra
1476 2304 1653 2363 habet
1669 2307 2001 2381 peculiam,
2035 2304 2428 2381 quodferncm
2445 2306 2652 2377 facile

563 2404 731 2480 apud
754 2420 855 2459 eos·
886 2412 1171 2457 tornatur.
1190 2426 1216 2451 n
1248 2402 1335 2458 Ita
1362 2403 1550 2458 versio
1575 2402 1806 2471 Latina,
1851 2422 1976 2478 quse
2014 2402 2194 2477 vulgo
2219 2402 2648 2475 circumfertur,

564 2498 877 2558 Strabonis.
906 2497 1193 2554 Nimirum
1218 2498 1548 2555 evellendus
1573 2510 1656 2555 est
1681 2519 1752 2557 ex
1779 2499 1976 2557 animis
2000 2499 2303 2556 hominum
2327 2504 2649 2559 communis

562 2599 661 2655 ille
685 2616 875 2667 error,
904 2596 1008 2671 qui
1036 2597 1243 2666 Lexica
1269 2598 1472 2653 omnia·
1494 2608 1610 2653 tam
1635 2610 1826 2655 vetera
1851 2616 2026 2692 quam
2051 2598 2296 2655 recentia
2327 2602 2644 2676 occupavit,

565 2696 779 2770 quique
823 2706 881 2751 et
910 2694 1055 2750 mibi
1084 2693 1191 2769 ipsi
1226 2694 1393 2750 dum·
1410 2694 1601 2751 scribo
1631 2706 1690 2751 et
1723 2706 1974 2752 mentem
2016 2694 2168 2751 forte
2212 2696 2334 2753 aliis
2373 2696 2646 2755 intentam

564 2793 769 2862 habeo,
782 2810 965 2867 quum
988 2810 1080 2847 res
1098 2789 1203 2847 ista
1228 2808 1351 2847 non
1374 2801 1602 2865 agatur,
1627 2792 1799 2847 semel
1819 2791 2098 2847 iterumve
2113 2790 2413 2868 subrepsit.
2429 2794 2645 2851 Omnes

566 2892 721 2949 enim
758 2910 792 2948 a
830 2890 1019 2966 prime
1055 2889 1433 2947 adolescentis
1472 2888 1618 2947 salso
1663 2890 1960 2961 doeemur,
2005 2897 2240 2971 τορεύειν
2287 2893 2484 2950 Latine
2526 2912 2645 2951 esse

559 3004 828 3057 comare,
861 2998 1033 3062 atque
1077 2987 1233 3045 idem
1272 3006 1389 3044 esse
1438 2988 1601 3063 quod
1629 2995 1892 3069 τορνεύειν
1923 3010 1942 3045 =
1983 3008 2166 3065 quum
2211 3003 2405 3049 tamen
2441 2994 2644 3052 certis-

563 3088 769 3144 simum
792 3086 891 3155 sit,
912 3090 1147 3165 ·τοριύιιν
1174 3086 1331 3161 apud
1356 3088 1590 3143 Graeoos
1609 3104 1893 3161 nusquam
1919 3086 2076 3144 aliud
2093 3088 2438 3164 significare,
2471 3109 2642 3165 quam

564 3182 797 3247 calam,
824 3182 1083 3253 sculpere
1098 3198 1119 3232 .·
1146 3178 1280 3235 inde
1320 3180 1612 3251 Tomutoe,
1633 3192 1692 3237 et
1720 3182 2016 3238 Tomutice
2048 3182 2268 3253 Plini03
2302 3186 2641 3240 Tou-amata

562 3272 828 3331 Ciceroni
864 3283 920 3330 et
950 3272 1235 3329 Martiali:
1266 3272 1556 3342 Clemens,
1595 3275 1809 3331 strom.
1834 3277 1894 3331 12
1915 3272 1966 3336 θ’
1981 3288 2086 3335 τῶν
2113 3282 2166 3336 ἐν
2206 3286 2330 3343 ταῖς
2355 3288 2639 3359 σφραγῖσιν

558 3373 951 3445 ἑντυπωμὰτων
988 3376 1327 3450 wopam-2255·
1366 3376 1630 3452 τορνςύιιν
1667 3382 1906 3440 contra,
1929 3370 2076 3427 nihil
2109 3372 2268 3429 aliud
2299 3392 2442 3440 esse,
2469 3392 2642 3447 quam

556 3479 789 3525 tomam
804 3507 827 3537 ,
870 3468 1199 3526 rotundare.
1235 3470 1410 3540 Quod
1439 3470 1517 3528 ita
1541 3470 1666 3529 fuse
1689 3472 2028 3547 eruditeque
2067 3472 2317 3528 ostendit
2341 3473 2640 3530 Salmasius

560 3563 621 3620 in
641 3563 941 3632 Plinianis,
968 3575 1034 3622 ut
1058 3564 1156 3621 vix
1180 3567 1495 3641 quidquam
1527 3568 1664 3625 addi
1693 3569 1898 3649 possit,
1939 3581 2108 3644 atque
2133 3586 2208 3626 eo
2240 3570 2512 3629 lectorem
2539 3591 2644 3630 re·-

555 3657 843 3716 mittimus.
871 3661 1029 3736 Ergo
1056 3662 1218 3719 locus
1238 3662 1337 3720 ille
1355 3662 1650 3721 Strabonis
1671 3667 1752 3722 sie
1777 3678 1902 3723 erat
1927 3666 2267 3738 reptendm3
2295 3668 2506 3738 «Quod
2527 3667 2644 3724 fer—

554 3776 683 3815 rum
694 3756 891 3828 facile
914 3759 1082 3834 apud
1102 3778 1201 3817 eos
1228 3761 1477 3819 caletur.
1500 3786 1526 3812 n
1562 3762 1766 3837 Neque
1791 3782 1932 3821 vero
1956 3764 2050 3820 vel
2069 3782 2220 3821 unus
2244 3764 2398 3839 apud
2421 3775 2642 3825 veteres

554 3850 874 3933 Scriptores
900 3853 1063 3912 locus
1086 3866 1298 3928 exstat,
1333 3875 1455 3932 quo
1482 3862 1676 3937 Τόρνος
1701 3860 1794 3915 vel
1823 3860 2046 3915 Tomus
2067 3858 2306 3916 metallis
2329 3858 2640 3916 elaborau-

548 3948 637 4005 dis
667 3950 1010 4009 adhibetur:
1038 3954 1139 4011 sed
1164 3954 1330 4031 lig-nis
1358 3966 1608 4025 tantum,
1643 3968 1700 4013 et
1723 3957 2037 4033 lapidibus,
2081 3956 2272 4029 ebori,
2301 3956 2476 4025 vitro,
2523 3969 2632 4017 ete.

545 4046 722 4118 idque
766 4048 888 4111 sola
923 4052 1325 4109 rotundatione
1370 4054 1461 4109 vel
1511 4053 1778 4111 circulari
1831 4056 2142 4132 sculptura.
2187 4056 2630 4133 Etymologicon
