3000 4684
1066 369 1250 437 Lm.
1303 368 1412 458 11,
1463 368 1653 439 sA'r.
1705 370 1832 439 1v.

1263 542 1651 590 RORA'rms·

2356 394 2483 441 201

407 657 626 726 Docte
653 654 836 744 Cati,
870 677 996 748 per
1030 656 1396 735 amicitiam
1430 655 1749 751 divosque
1779 668 2050 752 rogatus
2067 708 2085 745 ,

406 775 672 842 Ducere
700 796 810 840 me
840 771 1139 842 auditum
1155 826 1176 863 ,
1209 798 1446 869 perges
1477 798 1927 869 quocumque,
1960 787 2321 844 memento.

406 890 582 959 Nam
615 888 920 984 quamvis
951 892 1240 962 memori
1272 892 1522 963 referas
1557 892 1727 962 mihi
1758 904 2035 987 pectore
2067 906 2337 982 cuncta,
2417 909 2494 967 9⁰

407 1006 565 1077 Non
601 1022 830 1078 tamen
865 1008 1198 1104 interpres
1231 1010 1628 1081 tantundem
1659 1011 1947 1106 juveris;
1984 1009 2156 1079 adde

409 1122 688 1194 Vultum
715 1124 1153 1222 habitumque
1180 1127 1515 1216 hominis;
1546 1152 1742 1223 quem
1772 1142 1845 1197 tu
1871 1126 2113 1197 vidisse
2138 1127 2370 1195 beatus

411 1245 568 1315 Non
605 1246 834 1340 magni
865 1246 1140 1341 pendis»,
1174 1247 1330 1341 quia
1355 1240 1686 1341 contigit:
1724 1261 1795 1315 at
1826 1244 1995 1315 mihi
2024 1268 2187 1315 cura

409 1364 564 1434 Non
597 1363 952 1451 mediocris
984 1367 1189 1450 inest,
1225 1360 1444 1429 fontes
1476 1375 1554 1429 ut
1585 1360 1770 1429 adire
1803 1375 2096 1431 remotos

411 1482 628 1575 Atque
659 1478 932 1550 haurire
965 1495 1206 1575 queam
1239 1481 1396 1549 vitae
1428 1493 1761 1574 praecepta
1796 1480 2027 1550 beatae.
2055 1474 2097 1513 ·’
2292 1504 2304 1510 ·
2400 1476 2499 1557 ⁸95

373 1716 384 1729 ·
411 1702 580 1754 desint
625 1699 716 1753 itta
758 1700 1114 1769 pretiosissima
1167 1699 1424 1769 epularum

413 1799 614 1851 genera,
630 1798 741 1851 quae
759 1799 862 1834 non
879 1784 977 1834 nisi
995 1783 1049 1837 in
1063 1783 1274 1835 divitum
1291 1800 1426 1837 men-

417 1865 490 1917 sis
508 1864 694 1933 apponi
711 1874 912 1931 queant.

495 1957 586 1999 89.
615 1944 790 1997 ‘Docte
822 1946 969 2006 Cati,
996 1962 1098 2015 per·
1124 1948 1423 2009 micia‘am,

420 2040 514 2083 ete.
553 2028 690 2083 Nota
724 2030 1060 2083 continuatum
1083 2030 1278 2097 jocum,
1310 2049 1429 2099 poe-

417 2106 618 2183 tamqne
656 2115 764 2167 haec
809 2114 976 2169 omnia
1017 2126 1258 2183 precepta
1285 2114 1426 2184 quasi

409 2197 696 2265 gravissima
718 2196 986 2250 habentem
1005 2234 1020 2264 ‚
1038 2207 1090 2250 et
1111 2198 1428 2268 amplissimis

411 2279 576 2333 verbis
599 2280 785 2333 ironice
807 2289 1048 2335 utentem.
1077 2279 1176 2333 En.
1194 2309 1264 2321 —
1277 2280 1429 2335 audi*-

413 2377 522 2417 tum
537 2400 558 2426 ,
589 2365 651 2416 ad
679 2365 983 2417 audiendum
1015 2363 1125 2417 scil.
1150 2376 1395 2434 praecepta
1410 2401 1426 2429 ‚

415 2448 632 2517 quaejam
644 2450 981 2507 enarrasti.—
987 2465 1174 2519 perges
1187 2466 1432 2521 quocum-

419 2548 540 2603 que,
563 2548 864 2601 quacumque
891 2531 1089 2585 tandem
1111 2533 1192 2586 via
1211 2534 1274 2585 ad
1293 2550 1427 2598 eum,

403 2615 564 2682 ‘cnjus
591 2631 770 2667 nomen
789 2616 914 2669 celas
929 2654 944 2683 ,
967 2633 1160 2685 perges.
1177 2646 1248 2655 —
1267 2616 1430 2670 inter-

1494 1700 1619 1753 adde
1642 1699 1777 1752 alind
1798 1700 2089 1753 beneficium
2106 1698 2263 1767 majus
2278 1737 2295 1763 ‚
2318 1709 2375 1750 ut
2402 1698 2503 1750 frui

1496 1784 1679 1851 possim
1720 1782 1937 1835 hominis
1971 1781 2109 1835 vultu
2131 1819 2146 1849 ‚
2184 1792 2277 1835 etc.
2314 1782 2411 1833 En.
2434 1810 2505 1821 --

1495 1864 1977 1938 habitumquefscil.
2002 1864 2236 1934 corporis,
2258 1864 2318 1915 ad
2339 1864 2507 1929 digni-

1500 1957 1650 2001 tatem
1673 1958 1725 1999 et
1754 1948 2036 2014 gravitatem
2072 1956 2310 2016 praecepta
2343 1948 2505 1999 dantis

1499 2032 1773 2101 compositi.
1794 2060 1867 2071 -
1881 2030 2133 2092 homenis,
2154 2049 2266 2085 cum
2287 2031 2509 2100 emphasi

1497 2116 1705 2170 dictum.
1744 2110 1926 2169 Seneca
1942 2153 1957 2183 ,
1996 2117 2159 2187 Epist.
2198 2126 2297 2169 35:
2331 2136 2359 2165 «ι
2384 2130 2507 2169 oon-

1499 2211 1694 2268 spectus
1711 2238 1726 2265 ,
1753 2210 1804 2253 et
1822 2201 2083 2269 presentia
2098 2240 2115 2267 ‚
2136 2211 2190 2253 et
2208 2201 2509 2255 conversatio

1499 2284 1653 2339 habet
1682 2285 1871 2355 aliquid
1900 2285 2023 2338 vivae
2052 2285 2317 2355 voluptatis
2337 2305 2437 2337 π...
2459 2293 2512 2337 et

1503 2368 1574 2421 id.
1598 2379 1693 2422 ³³:
1714 2388 1741 2417 κ
1758 2370 1969 2423 multum
1981 2370 2090 2423 viva
2105 2386 2195 2423 vox
2216 2369 2351 2423 facit.
2368 2368 2505 2419 »Em

1499 2451 1751 2521 -fintes‚
1772 2452 1913 2505 illum
1928 2455 2088 2523 ipsum
2104 2454 2338 2521 invisere,
2352 2470 2383 2506 a
2395 2469 2527 2521 quos

1503 2544 1731 2605 tanquam
1774 2552 1836 2589 ex
1884 2537 2022 2589 fonte
2044 2572 2061 2605 ,
2105 2538 2210 2589 hnc
2250 2542 2513 2589 manarunt
2612 2556 2617 2561 ·

1502 2628 1759 2687 praecepta.
1779 2620 1951 2671 En.-—-
1962 2622 2084 2673 vitoe
2097 2620 2276 2679 beutoe,
2298 2620 2360 2671 ad
2378 2616 2512 2669 deri-

415 2716 575 2773 pres,
616 2699 706 2769 qni
744 2700 929 2761 refert,
964 2701 1096 2769 quod
1135 2701 1431 2753 audivit.—

1502 2704 1687 2756 dendos
1710 2719 1793 2757 eos
1813 2703 1901 2772 qui
1928 2714 2077 2756 totam
2097 2704 2209 2757 vitae
2232 2704 2512 2757 felicitatem

421 2780 586 2843 adde,
624 2792 714 2837 tuo
751 2784 836 2836 isti
869 2783 1102 2841 beneficio
1133 2795 1185 2839 et
1216 2786 1432 2841 sermoni

1506 2786 1561 2837 in
1578 2786 1699 2853 gulae
1715 2785 2049 2854 voluptatibus
2064 2786 2327 2855 ponebant.
2341 2784 2441 2836 En.

495 3112 760 3165 Annuu-
799 3110 906 3164 Hac
941 3110 994 3163 in
1029 3110 1194 3165 Satira
1229 3112 1463 3165 Horatius
1503 3110 1693 3163 inducit
1726 3110 1979 3164 hominem
1999 3108 2257 3181 quemdam
2277 3144 2292 3173 ‚
2320 3106 2519 3159 nomine
2566 3110 2573 3117 “

421 3198 642 3265 Catium,
667 3198 837 3251 animo
853 3199 996 3268 quasi
1019 3214 1218 3265 magnas
1242 3216 1320 3251 res
1337 3198 1701 3265 volventem„et
1715 3199 1924 3265 graviter
1948 3196 2201 3267 praeceptis
2223 3193 2518 3263 quibusdam

427 3288 691 3341 intentum.
713 3288 865 3340 Poeta
883 3288 1016 3341 hunc
1037 3288 1321 3355 interrogat,
1343 3297 1573 3357 rogatque
1589 3298 1719 3343 ntea
1738 3298 1997 3357 praecepta,
2014 3302 2123 3355 qnae
2141 3284 2265 3338 tanti
2283 3281 2519 3336 momenti

431 3373 674 3436 videntur,
693 3372 889 3425 trudere
904 3372 1044 3424 velit.
1063 3372 1198 3425 Tum
1210 3372 1382 3425 Catius
1402 3373 1505 3435 ille,
1515 3375 1657 3443 quasi
1670 3374 1901 3441 magister
1918 3383 2003 3425 aut
2019 3368 2235 3437 magistri
2256 3368 2519 3436 interpres,

436 3457 649 3525 explicat
684 3456 1042 3511 minutissimas
1068 3458 1134 3510 de
1158 3458 1366 3511 convivii
1391 3459 1600 3526 singulis
1632 3461 1855 3530 partibus
1886 3469 1938 3512 et
1966 3474 2101 3512 unna
2134 3452 2405 3509 ordinanda
2436 3470 2521 3506 re-

433 3543 588 3611 gulas.
611 3542 694 3595 Ab
713 3543 816 3597 ovis
841 3542 1029 3597 scilicet
1062 3545 1262 3614 incipit,
1295 3562 1408 3615 quoe
1431 3547 1639 3599 convivii
1662 3548 1863 3599 initium
1884 3556 2025 3598 erant
2038 3563 2055 3610 ς
2073 3546 2137 3596 de
2151 3539 2369 3596 oleribus
2385 3540 2523 3607 opti-

435 3632 531 3684 mis
550 3670 566 3692 ,
590 3631 653 3682 de
671 3630 870 3699 gallinis
893 3630 1202 3683 mollioribus
1232 3631 1503 3685 efficiendis
1530 3632 1763 3687 nonnulla
1784 3641 1989 3697 tractat3
2011 3630 2128 3683 dein
2146 3627 2368 3698 quaedam
2388 3626 2526 3682 docet

431 3734 526 3786 per
543 3704 658 3787 qua
677 3718 878 3769 conviva
900 3718 1089 3785 optima
1115 3717 1392 3770 valetudine
1426 3718 1653 3782 fruatur-3
1672 3729 1833 3771 ostrea
1854 3754 1869 3784 ‚
1901 3718 2057 3785 pisces
2076 3753 2091 3781 ‚
2124 3716 2252 3767 feras
2281 3712 2529 3765 venaticae

433 3804 582 3855 etism
602 3803 922 3873 perstringit3
951 3802 1014 3852 ad
1038 3801 1154 3853 vina
1183 3802 1379 3865 transit,
1404 3812 1457 3855 et
1477 3812 1731 3871 postquam
1756 3802 1819 3853 de
1840 3802 2027 3870 duplici
2042 3801 2168 3869 juris
2186 3815 2360 3867 genere
2376 3798 2527 3850 verba

436 3888 576 3951 feeit,
603 3890 720 3941 finit
738 3888 1018 3955 adjiciendo
1039 3888 1268 3941 nonnulla
1287 3890 1350 3941 de
1376 3904 1523 3941 coenae
1545 3885 1854 3939 ordinatione
1868 3924 1884 3950 ,
1904 3888 2153 3958 multaque
2174 3896 2224 3939 et
2246 3884 2529 3954 gravissima

436 3976 498 4027 de
518 3974 806 4027 adhibenda
838 3974 896 4025 in
924 3972 1162 4025 conviviis
1188 3974 1450 4027 munditia.
1468 3971 1659 4025 -Hoc
1684 3972 1949 4025 notandum
1978 3982 2083 4039 est,
2108 3988 2255 4043 quam
2285 3971 2448 4041 lepide
2473 3985 2531 4021 ac

443 4058 594 4113 tacete
614 4069 762 4131 poeta
789 4056 992 4111 catium
1019 4056 1286 4125 magnificis
1309 4076 1366 4111 ac
1397 4058 1691 4125 gravissimis
1722 4058 1885 4115 verbis
1920 4061 1993 4111 uti
2024 4061 2225 4125 fecerit,
2248 4056 2389 4130 quasi
2418 4070 2531 4107 ma-
2602 4116 2621 4141 .
