3000 4684
500 373 637 446 108
748 382 755 388 ’

1064 373 1153 462 Q.
1204 373 1623 446 nonATn
1675 374 2028 446 FLAccl

490 513 855 609 Distringit
884 513 1114 584 Rhaeci
1144 511 1399 582 luteum
1432 526 1672 608 caput3
1710 501 2014 609 hzee'ego
2049 509 2208 584 ludo
2226 565 2244 600 ,

492 631 662 718 Quae
694 656 821 701 nec
850 657 922 702 m
956 631 1099 702 aede
1132 647 1376 742 sonent
1404 632 1773 722 certantia,
1801 631 2027 726 judice
2055 635 2312 726 Tarpa;

494 748 640 818 Nec
671 748 951 820 redeant
980 749 1223 822 iterum
1258 765 1459 846 atque
1488 751 1734 824 iterum
1771 747 2136 846 spectanda
2167 749 2466 821 theatris.

494 869 755 965 Arguta
782 871 1138 942 meretrice
1170 886 1363 965 potes
1376 923 1395 960 ,
1428 873 1760 965 Davoque
1790 869 2154 940 Chremeta

2517 871 2600 932 lio

496 982 825 1057 Eludente
861 983 1090 1058 senein
1106 1040 1126 1076 ,
1162 989 1372 1059 comis
1412 989 1674 1085 garrire
1711 985 2006 1078 libellos„
2075 1047 2080 1050 .

498 1105 689 1174 Unus
724 1107 1069 1197 vivorum,
1106 1106 1455 1195 Fundani3
1492 1105 1710 1178 Pollio
1745 1131 1981 1204 regum

496 1301 700 1369 scribit,
732 1301 821 1356 sed
846 1304 1015 1372 inepta
1035 1303 1364 1372 descriptione
1396 1319 1509 1356 eum

494 1387 559 1438 de
582 1387 769 1455 integro
782 1387 926 1457 quasi
948 1387 1109 1453 cadit,
1124 1387 1203 1440 vel
1217 1387 1425 1455 jugulat.
1439 1417 1516 1428 —-

502 1469 577 1522 Eo
598 1470 701 1522 fere
722 1469 1015 1540 redit,quod
1032 1471 1095 1524 ad
1108 1473 1165 1524 h.
1183 1470 1221 1524 1.
1240 1470 1516 1524 observavit

499 1560 639 1606 vetus
655 1553 797 1606 Schol
802 1554 871 1606 ias
876 1554 1235 1608 tes.-Scilicet
1247 1554 1395 1606 homo
1408 1549 1516 1606 ine-

498 1646 613 1704 ptus
644 1638 851 1706 ineptiis
874 1639 979 1691 suis
1006 1639 1215 1692 alterum
1226 1639 1512 1711 jugulare,

496 1719 745 1782 occidere,
766 1737 982 1777 enecare
998 1723 1275 1780 dicitur.-—
1294 1725 1517 1774 Dim-in-

498 1804 579 1874 git
611 1803 801 1856 Rhoecz‘
828 1805 1021 1858 hereum
1058 1819 1217 1876 caput
1226 1841 1247 1867 ,
1290 1805 1518 1876 idemque

501 1888 780 1942 describit-l
782 1891 889 1943 ovis
906 1907 1115 1959 pugnam
1137 1890 1191 1942 in
1208 1891 1446 1961 gigantes,
1463 1905 1521 1942 ac

500 1973 787 2042 distringit,
822 1975 875 2026 id
902 1985 982 2028 est
1008 1975 1297 2028 distractum
1322 1972 1457 2026 canit
1490 1989 1521 2024 a

504 2056 628 2110 Jove
644 2069 794 2128 caput
808 2057 997 2122 Rhaeci,
1012 2057 1160 2110 unius
1180 2073 1209 2109 e
1222 2056 1520 2123 gigantibus,

505 2157 536 2193 e
571 2139 679 2192 luto
718 2150 770 2191 et
807 2151 938 2192 terra
978 2140 1127 2192 natis.
1168 2139 1321 2192 Multi
1358 2149 1522 2192 autem

507 2242 598 2293 pro
622 2226 703 2278 his
723 2225 887 2278 verbis
918 2224 1015 2292 legi
1046 2225 1245 2278 volunt:
1286 2222 1532 2295 diffingit

510 2307 686 2360 Rheni
697 2309 893 2362 luteum
912 2319 1087 2377 caput.
1109 2306 1168 2358 Id
1182 2317 1275 2372 est,
1288 2307 1526 2360 describit

508 2408 565 2445 ac
590 2392 731 2459 fingit
746 2429 761 2459 ,
792 2408 881 2444 seu
912 2391 1078 2460 potius
1100 2389 1347 2442 deformat
1367 2399 1421 2442 et
1436 2389 1523 2442 ob-

506 2487 669 2529 scurat
688 2476 770 2544 (id
790 2477 925 2528 enim
946 2485 1049 2538 est,
1066 2475 1354 2545 diffingere)
1380 2475 1526 2528 fron-

508 2569 609 2612 tem
641 2559 865 2612 limosam
897 2558 1116 2610 fluminis
1152 2557 1318 2610 Rheni
1338 2575 1354 2622 ;
1376 2573 1526 2628 quam

510 2642 713 2713 quidem
758 2641 1017 2695 lectionem
1062 2653 1113 2696 et
1146 2641 1526 2711 explicationem

510 2735 713 2794 spectat.
742 2725 906 2778 Schol.
934 2725 1051 2778 Aer.
1080 2745 1108 2774 α
1130 2725 1245 2778 Non
1279 2725 1413 2795 quod
1444 2725 1528 2776 lu-

512 2817 647 2862 teum
678 2821 825 2879 caput
853 2811 1002 2863 habet
1024 2811 1228 2864 Rhenus
1242 2848 1259 2877 ,
1284 2809 1371 2862 sed
1397 2809 1531 2880 quod

512 2892 701 2945 luteum
738 2893 855 2947 facit
877 2891 1157 2964 (diffingit)
1196 2893 1302 2963 ipse
1334 2894 1528 2948 descri-

516 2977 677 3032 bendo
718 2979 863 3032 male.
890 2999 917 3029 n
960 2978 1130 3049 Caput
1164 2977 1364 3048 quidem
1402 2979 1532 3032 esset

516 3079 608 3132 pm
623 3061 778 3115 fonte.
794 3060 968 3113 En.—
982 3061 1094 3114 hoec
1114 3077 1209 3130 ego
1229 3059 1371 3123 ludo,
1392 3061 1529 3125 ludo,

514 3145 673 3198 scribo
685 3147 809 3210 haec,
826 3146 877 3198 id
891 3155 983 3216 est,
1006 3143 1171 3198 tenuia
1187 3146 1281 3198 ista
1291 3145 1532 3210 carmina,

516 3245 616 3282 non
630 3229 779 3296 digna
794 3246 903 3299 quse
926 3229 1197 3281 recitentur
1211 3245 1383 3296 magna
1397 3246 1534 3294 voce,

518 3327 574 3364 ac
589 3321 767 3366 sonent
778 3310 835 3364 in
849 3309 978 3371 cede,
996 3311 1050 3364 iu
1066 3310 1249 3380 templo
1264 3308 1537 3380 Apollinis,

518 3406 572 3450 et
600 3406 795 3450 certent
824 3413 936 3448 cum
967 3403 1245 3447 ceterorum
1277 3405 1534 3463 poetarum

518 3480 838 3536 carminibus,
857 3480 919 3532 In
938 3477 1173 3548 templum
1190 3477 1325 3532 enim
1338 3477 1536 3548 Apolli—

521 3567 601 3619 nis
618 3554 974 3620 conveniebant
990 3573 1165 3634 poetae,
1186 3572 1239 3616 et
1262 3555 1538 3618 recitaban-

522 3658 605 3702 tur
636 3649 875 3702 carmina.
907 3647 1005 3699 En.
1032 3675 1100 3686 -
1115 3644 1307 3721 judice
1334 3646 1532 3720 Tarpa.

520 3731 915 3804 Seh01.cmq.«
937 3733 1127 3786 Metius
1151 3729 1282 3801 (sive
1300 3731 1552 3808 Maecius)-

518 3815 687 3886 Tarpa
706 3815 961 3886 fuitjudex
974 3816 1194 3884 criticus,
1208 3816 1405 3869 auditor
1416 3817 1542 3869 assi-

520 3899 648 3951 duus
676 3909 951 3976 poematum
976 3911 1028 3954 et
1048 3911 1339 3972 poetarum,
1364 3900 1417 3954 in
1436 3901 1540 3954 aede

522 3983 771 4054 Apollinis
784 4002 873 4038 seu
882 3986 1161 4054 Musarum,
1170 4003 1269 4058 quo
1280 3987 1542 4042 convenire

520 4079 705 4140 poetae
706 4069 963 4137 solebant,
1001 4087 1183 4140 suaque
1204 4072 1382 4140 scripta
1407 4070 1538 4126 reci-

1583 1313 1707 1366 tare,
1726 1319 1861 1373 quin,
1885 1301 1985 1356 nisi
2008 1299 2178 1378 Tarpa
2198 1307 2285 1352 aut
2305 1298 2405 1352 alio
2425 1297 2600 1351 critico

1585 1385 1926 1453 probarentur,
1960 1385 2014 1437 in
2048 1399 2242 1436 scenam
2274 1399 2376 1434 non
2403 1381 2598 1434 defere-

1584 1469 1782 1522 bantur.
1805 1489 1834 1518 ι»
1860 1467 1936 1520 De
1951 1484 2012 1521 eo
2028 1465 2144 1520 Art.
2175 1465 2316 1519 Poet.
2331 1483 2382 1520 v.
2403 1475 2599 1520 387.-

1585 1551 1697 1604 Nec
1726 1548 1936 1603 redeant
1951 1587 1970 1610 ‚
1991 1559 2085 1602 etc.
2115 1549 2176 1601 Id
2197 1559 2300 1614 est,
2327 1567 2424 1602 non
2445 1549 2610 1610 scribo

1589 1633 1992 1704 tmgoedias.Quae
2005 1633 2198 1703 placent
2211 1636 2391 1704 saepius
2404 1635 2459 1688 iu
2473 1634 2601 1686 thea-

1589 1719 1682 1772 tris
1697 1719 1929 1772 eduntur.
1952 1717 2050 1769 En.

1661 1814 1750 1856 4ο.
1766 1804 1979 1876 Argum
1991 1803 2269 1861 menn-icc,
2285 1811 2376 1854 etc.
2395 1799 2600 1853 Sensus:

1589 1886 1695 1956 Tu,
1719 1886 1974 1950 Fundani,
1991 1885 2083 1956 qui
2107 1885 2240 1938 inter
2261 1885 2608 1940 comoediarum

1591 1972 1870 2042 scriptores,
1886 1971 1974 2041 qui
1997 1986 2130 2024 nunc
2149 1969 2338 2036 vivunt,
2363 1971 2538 2022 unicus
2557 1977 2608 2022 et

1593 2055 2027 2128 praestantissimus
2061 2072 2114 2108 es
2132 2092 2147 2123 ,
2181 2061 2320 2122 potes
2350 2053 2610 2106 comoedias

1593 2140 1825 2206 scribere,
1847 2139 1901 2191 in
1921 2137 2103 2208 quibus
2123 2145 2284 2189 astuta
2305 2136 2542 2186 meretrix
2559 2144 2611 2188 et

1597 2241 1764 2278 servus
1783 2223 1965 2288 Davus,
1993 2219 2167 2274 frande
2186 2218 2440 2272 dominnm
2461 2236 2608 2272 suum

1597 2309 1910 2363 Chremetem
1922 2305 2324 2369 circumveniens,
2337 2302 2610 2370 garrientes

1597 2394 1914 2446 inducuntur.
1938 2391 2199 2460 Argutus,
2225 2387 2451 2456 callidus,
2469 2398 2610 2440 astu·-

1599 2489 1692 2545 tus,
1713 2487 1770 2528 ut
1787 2476 1908 2528 intr.
1933 2473 2098 2543 Epist.
2119 2473 2166 2540 1,
2187 2485 2274 2537 u,
2300 2483 2398 2524 n:
2424 2491 2452 2520 «ι
2471 2489 2611 2540 argu-

1597 2574 1676 2616 tus
1694 2561 1816 2616 calo.
1835 2581 1938 2610 n—
1947 2555 2226 2620 madente,
2253 2557 2428 2610 fraude
2445 2557 2614 2610 s'enem

1597 2647 1830 2710 ludente;
1857 2641 2065 2696 eludere
2095 2641 2295 2712 proprie
2331 2640 2517 2696 dicitur
2549 2643 2616 2696 de

1599 2728 1972 2796 gladiatoribus,
1989 2727 2078 2779 ubi
2097 2726 2230 2780 alter.
2241 2727 2444 2780 alterius
2463 2727 2611 2782 ictum

1598 2812 1816 2883 corporis
1829 2812 2165 2866 declinatione
2180 2811 2613 2879 effugit—comis

1594 2897 1800 2968 garrire
1819 2895 2034 2956 libellos,
2053 2895 2269 2950 suaviter
2281 2913 2400 2964 pro:
2420 2894 2614 2948 libellos

1599 2982 1838 3034 conficere
1865 2979 2094 3042 comiter,
2121 2980 2178 3032 in
2193 2977 2378 3050 quibus
2395 2995 2616 3048 persone.

1601 3065 1873 3134 garrientes
1911 3064 2224 3118 inclamatur.
2245 3091 2314 3104 --
2337 3061 2515 3124 Unus,
2540 3063 2615 3116 vel

1604 3149 1738 3205 solus
1753 3161 1818 3204 et
1837 3149 2027 3222 primus
2051 3147 2350 3214 viventium3
2384 3146 2458 3200 vel
2483 3164 2615 3215 pm-

1605 3233 1937 3288 stantissimus
1963 3234 2016 3285 in
2037 3250 2116 3296 eo,
2137 3230 2268 3301 quod
2291 3229 2390 3282 sibi
2419 3229 2620 3296 sumsit,

1605 3315 1854 3369 scribendi
1887 3331 2084 3382 genere.
2109 3313 2194 3366 Sic
2209 3313 2331 3367 infr.
2355 3313 2518 3383 Epist.
2539 3311 2618 3375 11,

1609 3410 1674 3468 8,
1701 3409 1797 3452 εἰς
1825 3417 1853 3448 α
1875 3415 2004 3450 unus
2026 3396 2182 3463 faber,
2203 3417 2230 3446 n
2257 3396 2312 3448 in
2333 3413 2435 3450 uno
2462 3395 2621 3449 fabri-

1605 3482 1669 3536 lis
1699 3483 1824 3536 artis
1853 3499 2034 3550 genere
2065 3479 2514 3552 pmmtissimm.
2547 3480 2622 3534 De

1606 3565 1914 3628 nudante,
1951 3576 2012 3620 ut
2057 3565 2242 3634 insigni
2275 3565 2620 3620 comoediarum

1607 3651 1866 3722 scriptore,
1883 3651 2094 3706 aliorum
2115 3650 2398 3704 testimonia
2415 3650 2619 3711 desunt,

1611 3736 1798 3790 mentio
1823 3737 1932 3804 ejus
1957 3751 2155 3830 quoque
2173 3735 2233 3786 fit
2259 3733 2380 3788 infr.
2413 3731 2514 3784 Sat.
2543 3730 2626 3798 11,

1611 3829 1680 3881 8,
1705 3830 1789 3874 ¹9.
1829 3817 1914 3872 Ad
1943 3819 2128 3872 amicos
2149 3833 2265 3870 suos
2287 3812 2623 3866 Fundanium

1613 3902 1768 3956 refert
1783 3902 1893 3956 Cic.
1918 3902 1982 3954 ad
2001 3900 2181 3970 Quint.
2207 3899 2296 3952 Fr.
2322 3897 2371 3962 1,
2396 3908 2506 3964 2,z

1683 3997 1770 4038 49.
1797 3987 1988 4045 Pollio,
2013 3984 2348 4040 nobilissimus
2373 3983 2630 4049 tmgoedia·

1616 4087 1726 4124 rum
1745 4071 1973 4141 scriptor,
1989 4069 2054 4122 de
2069 4087 2171 4138 quo
2185 4068 2252 4122 ci.
2273 4083 2412 4136 supr.
2432 4065 2532 4120 Od.
2553 4065 2630 4127 11,
