<?xml version="1.0" encoding="UTF-8"?>
<!DOCTYPE html PUBLIC "-//W3C//DTD XHTML 1.0 Transitional//EN"
    "http://www.w3.org/TR/xhtml1/DTD/xhtml1-transitional.dtd">
<html xmlns="http://www.w3.org/1999/xhtml" xml:lang="en" lang="en">
 <head>
  <title>
</title>
<meta http-equiv="Content-Type" content="text/html;charset=utf-8" />
  <meta name='ocr-system' content='tesseract 3.04.00' />
  <meta name='ocr-capabilities' content='ocr_page ocr_carea ocr_par ocr_line ocrx_word'/>
</head>
<body>
  <div class='ocr_page' id='page_1' title='image "./quintushoratius02lemagoog_0279.png"; bbox 0 0 3000 4684; ppageno 0'>
   <div class='ocr_carea' id='block_1_1' title="bbox 1045 318 2515 416">
    <p class='ocr_par' dir='ltr' id='par_1_1' title="bbox 1045 318 2515 416">
     <span class='ocr_line' id='line_1_1' title="bbox 1045 318 2515 416; baseline -0.003 -19"><span class='ocrx_word' id='word_1_1' title='bbox 1045 328 1230 397; x_wconf 78' lang='lat' dir='ltr'>Lm.</span> <span class='ocrx_word' id='word_1_2' title='bbox 1281 328 1390 416; x_wconf 88' lang='lat'>11,</span> <span class='ocrx_word' id='word_1_3' title='bbox 1440 324 1633 395; x_wconf 68' lang='lat' dir='ltr'>sAT.</span> <span class='ocrx_word' id='word_1_4' title='bbox 1684 318 1899 394; x_wconf 86' lang='lat' dir='ltr'>vm.</span> <span class='ocrx_word' id='word_1_5' title='bbox 2272 334 2291 345; x_wconf 91' lang='lat'>·</span> <span class='ocrx_word' id='word_1_6' title='bbox 2378 318 2515 393; x_wconf 82' lang='lat'>253</span> 
     </span>
    </p>
   </div>
   <div class='ocr_carea' id='block_1_2' title="bbox 419 461 2531 1624">
    <p class='ocr_par' dir='ltr' id='par_1_2' title="bbox 419 461 2027 565">
     <span class='ocr_line' id='line_1_2' title="bbox 419 461 2027 565; baseline -0.011 -18"><span class='ocrx_word' id='word_1_7' title='bbox 419 475 826 547; x_wconf 67' lang='lat' dir='ltr'>Maiouomo</span> <span class='ocrx_word' id='word_1_8' title='bbox 855 470 1049 565; x_wconf 87' lang='lat' dir='ltr'>pueri</span> <span class='ocrx_word' id='word_1_9' title='bbox 1080 491 1330 563; x_wconf 82' lang='lat' dir='ltr'>magno</span> <span class='ocrx_word' id='word_1_10' title='bbox 1363 464 1701 559; x_wconf 80' lang='lat' dir='ltr'><strong>discerpta</strong></span> <span class='ocrx_word' id='word_1_11' title='bbox 1734 461 2027 533; x_wconf 83' lang='lat' dir='ltr'>ferentes</span> 
     </span>
    </p>

    <p class='ocr_par' dir='ltr' id='par_1_3' title="bbox 419 574 2237 802">
     <span class='ocr_line' id='line_1_3' title="bbox 421 574 2237 685; baseline -0.008 -25"><span class='ocrx_word' id='word_1_12' title='bbox 421 588 733 661; x_wconf 82' lang='lat' dir='ltr'>Membra</span> <span class='ocrx_word' id='word_1_13' title='bbox 763 586 943 685; x_wconf 85' lang='lat' dir='ltr'>gruis</span> <span class='ocrx_word' id='word_1_14' title='bbox 957 638 977 675; x_wconf 90' lang='lat'>‚</span> <span class='ocrx_word' id='word_1_15' title='bbox 1009 583 1226 681; x_wconf 85' lang='lat' dir='ltr'>sparsi</span> <span class='ocrx_word' id='word_1_16' title='bbox 1256 578 1393 653; x_wconf 81' lang='lat' dir='ltr'>sale</span> <span class='ocrx_word' id='word_1_17' title='bbox 1427 578 1642 651; x_wconf 86' lang='lat' dir='ltr'>multo</span> <span class='ocrx_word' id='word_1_18' title='bbox 1672 602 1811 650; x_wconf 88' lang='lat' dir='ltr'>non</span> <span class='ocrx_word' id='word_1_19' title='bbox 1841 580 1986 649; x_wconf 89' lang='lat' dir='ltr'>sine</span> <span class='ocrx_word' id='word_1_20' title='bbox 2014 574 2237 665; x_wconf 80' lang='lat' dir='ltr'>farre3</span> 
     </span>
     <span class='ocr_line' id='line_1_4' title="bbox 419 695 2103 802; baseline -0.008 -25"><span class='ocrx_word' id='word_1_21' title='bbox 419 706 788 802; x_wconf 85' lang='lat' dir='ltr'>Pinguibus</span> <span class='ocrx_word' id='word_1_22' title='bbox 817 718 885 773; x_wconf 87' lang='lat' dir='ltr'>et</span> <span class='ocrx_word' id='word_1_23' title='bbox 915 702 1057 773; x_wconf 86' lang='lat' dir='ltr'>ficis</span> <span class='ocrx_word' id='word_1_24' title='bbox 1089 716 1353 796; x_wconf 86' lang='lat' dir='ltr'>pastum</span> <span class='ocrx_word' id='word_1_25' title='bbox 1380 700 1575 794; x_wconf 85' lang='lat' dir='ltr'>jecur</span> <span class='ocrx_word' id='word_1_26' title='bbox 1606 695 1861 767; x_wconf 87' lang='lat' dir='ltr'>anseris</span> <span class='ocrx_word' id='word_1_27' title='bbox 1893 695 2103 785; x_wconf 81' lang='lat' dir='ltr'>albae3</span> 
     </span>
    </p>

    <p class='ocr_par' dir='ltr' id='par_1_4' title="bbox 420 815 2155 917">
     <span class='ocr_line' id='line_1_5' title="bbox 420 815 2155 917; baseline -0.007 -22"><span class='ocrx_word' id='word_1_28' title='bbox 420 826 508 895; x_wconf 91' lang='lat' dir='ltr'>Et</span> <span class='ocrx_word' id='word_1_29' title='bbox 539 821 844 917; x_wconf 78' lang='lat' dir='ltr'><strong>leporum</strong></span> <span class='ocrx_word' id='word_1_30' title='bbox 876 818 1172 905; x_wconf 78' lang='lat' dir='ltr'>avulsos,</span> <span class='ocrx_word' id='word_1_31' title='bbox 1205 834 1284 888; x_wconf 89' lang='lat' dir='ltr'>ut</span> <span class='ocrx_word' id='word_1_32' title='bbox 1311 815 1525 887; x_wconf 83' lang='lat' dir='ltr'>multo</span> <span class='ocrx_word' id='word_1_33' title='bbox 1557 816 1822 886; x_wconf 83' lang='lat' dir='ltr'>suavius</span> <span class='ocrx_word' id='word_1_34' title='bbox 1840 866 1860 901; x_wconf 91' lang='lat'><strong>,</strong></span> <span class='ocrx_word' id='word_1_35' title='bbox 1894 838 2155 901; x_wconf 82' lang='lat' dir='ltr'>armos,</span> 
     </span>
    </p>

    <p class='ocr_par' dir='ltr' id='par_1_5' title="bbox 423 927 2523 1145">
     <span class='ocr_line' id='line_1_6' title="bbox 423 927 2523 1033; baseline -0.007 -20"><span class='ocrx_word' id='word_1_36' title='bbox 423 942 646 1033; x_wconf 83' lang='lat' dir='ltr'>Quam</span> <span class='ocrx_word' id='word_1_37' title='bbox 677 941 914 1011; x_wconf 86' lang='lat' dir='ltr'>sicum</span> <span class='ocrx_word' id='word_1_38' title='bbox 943 934 1184 1009; x_wconf 89' lang='lat' dir='ltr'>lumbis</span> <span class='ocrx_word' id='word_1_39' title='bbox 1213 934 1360 1029; x_wconf 84' lang='lat' dir='ltr'>quis</span> <span class='ocrx_word' id='word_1_40' title='bbox 1388 929 1565 1020; x_wconf 81' lang='lat' dir='ltr'>edit3</span> <span class='ocrx_word' id='word_1_41' title='bbox 1599 945 1743 1001; x_wconf 85' lang='lat' dir='ltr'>tum</span> <span class='ocrx_word' id='word_1_42' title='bbox 1768 944 2045 1025; x_wconf 82' lang='lat' dir='ltr'>pectore</span> <span class='ocrx_word' id='word_1_43' title='bbox 2072 927 2309 1001; x_wconf 85' lang='lat' dir='ltr'>adusto</span> <span class='ocrx_word' id='word_1_44' title='bbox 2445 952 2523 1009; x_wconf 84' lang='lat'>90</span> 
     </span>
     <span class='ocr_line' id='line_1_7' title="bbox 427 1044 2239 1145; baseline -0.007 -18"><span class='ocrx_word' id='word_1_45' title='bbox 427 1055 741 1127; x_wconf 79' lang='lat' dir='ltr'>&#39;Vidimus</span> <span class='ocrx_word' id='word_1_46' title='bbox 768 1068 836 1123; x_wconf 90' lang='lat' dir='ltr'>et</span> <span class='ocrx_word' id='word_1_47' title='bbox 861 1049 1150 1123; x_wconf 85' lang='lat' dir='ltr'>merulas</span> <span class='ocrx_word' id='word_1_48' title='bbox 1176 1049 1340 1145; x_wconf 86' lang='lat' dir='ltr'>poni</span> <span class='ocrx_word' id='word_1_49' title='bbox 1365 1063 1436 1118; x_wconf 90' lang='lat' dir='ltr'>et</span> <span class='ocrx_word' id='word_1_50' title='bbox 1463 1049 1608 1117; x_wconf 89' lang='lat' dir='ltr'>sine</span> <span class='ocrx_word' id='word_1_51' title='bbox 1633 1044 1831 1117; x_wconf 86' lang='lat' dir='ltr'>clune</span> <span class='ocrx_word' id='word_1_52' title='bbox 1854 1044 2239 1142; x_wconf 77' lang='lat' dir='ltr'><strong>palumbes:</strong></span> 
     </span>
    </p>

    <p class='ocr_par' dir='ltr' id='par_1_6' title="bbox 428 1171 2084 1262">
     <span class='ocr_line' id='line_1_8' title="bbox 428 1171 2084 1262; baseline -0.005 -18"><span class='ocrx_word' id='word_1_53' title='bbox 428 1174 672 1259; x_wconf 76' lang='lat' dir='ltr'>suaves</span> <span class='ocrx_word' id='word_1_54' title='bbox 700 1196 808 1243; x_wconf 87' lang='lat' dir='ltr'>res</span> <span class='ocrx_word' id='word_1_55' title='bbox 824 1225 844 1262; x_wconf 91' lang='lat'>‚</span> <span class='ocrx_word' id='word_1_56' title='bbox 878 1171 936 1241; x_wconf 91' lang='lat' dir='ltr'>si</span> <span class='ocrx_word' id='word_1_57' title='bbox 965 1194 1104 1240; x_wconf 86' lang='lat' dir='ltr'>non</span> <span class='ocrx_word' id='word_1_58' title='bbox 1139 1190 1368 1240; x_wconf 82' lang='lat' dir='ltr'>causas</span> <span class='ocrx_word' id='word_1_59' title='bbox 1403 1178 1716 1235; x_wconf 82' lang='lat' dir='ltr'>narraret</span> <span class='ocrx_word' id='word_1_60' title='bbox 1748 1188 1979 1234; x_wconf 85' lang='lat' dir='ltr'>earum</span> <span class='ocrx_word' id='word_1_61' title='bbox 2013 1177 2084 1235; x_wconf 89' lang='lat' dir='ltr'>et</span> 
     </span>
    </p>

    <p class='ocr_par' dir='ltr' id='par_1_7' title="bbox 428 1282 2142 1384">
     <span class='ocr_line' id='line_1_9' title="bbox 428 1282 2142 1384; baseline -0.007 -17"><span class='ocrx_word' id='word_1_62' title='bbox 428 1296 719 1367; x_wconf 84' lang='lat' dir='ltr'>Naturas</span> <span class='ocrx_word' id='word_1_63' title='bbox 753 1286 1097 1362; x_wconf 87' lang='lat' dir='ltr'>dominus!</span> <span class='ocrx_word' id='word_1_64' title='bbox 1137 1313 1337 1384; x_wconf 88' lang='lat' dir='ltr'>quem</span> <span class='ocrx_word' id='word_1_65' title='bbox 1371 1310 1498 1357; x_wconf 88' lang='lat' dir='ltr'>nos</span> <span class='ocrx_word' id='word_1_66' title='bbox 1528 1285 1627 1355; x_wconf 88' lang='lat' dir='ltr'>sic</span> <span class='ocrx_word' id='word_1_67' title='bbox 1658 1282 1949 1381; x_wconf 74' lang='lat' dir='ltr'>fugimus</span> <span class='ocrx_word' id='word_1_68' title='bbox 1977 1282 2103 1355; x_wconf 86' lang='lat' dir='ltr'>ulti</span> <span class='ocrx_word' id='word_1_69' title='bbox 2120 1337 2142 1377; x_wconf 85' lang='lat'>‚</span> 
     </span>
    </p>

    <p class='ocr_par' dir='ltr' id='par_1_8' title="bbox 428 1400 1925 1505">
     <span class='ocr_line' id='line_1_10' title="bbox 428 1400 1925 1505; baseline -0.007 -23"><span class='ocrx_word' id='word_1_70' title='bbox 428 1412 524 1482; x_wconf 88' lang='lat' dir='ltr'>Ut</span> <span class='ocrx_word' id='word_1_71' title='bbox 559 1408 729 1481; x_wconf 85' lang='lat' dir='ltr'>nihil</span> <span class='ocrx_word' id='word_1_72' title='bbox 765 1411 1046 1481; x_wconf 85' lang='lat' dir='ltr'>omnino</span> <span class='ocrx_word' id='word_1_73' title='bbox 1091 1422 1543 1505; x_wconf 74' lang='lat' dir='ltr'>gustaremus,</span> <span class='ocrx_word' id='word_1_74' title='bbox 1578 1400 1763 1472; x_wconf 85' lang='lat' dir='ltr'>velut</span> <span class='ocrx_word' id='word_1_75' title='bbox 1794 1400 1925 1472; x_wconf 87' lang='lat' dir='ltr'>illis</span> 
     </span>
    </p>

    <p class='ocr_par' dir='ltr' id='par_1_9' title="bbox 431 1518 2531 1624">
     <span class='ocr_line' id='line_1_11' title="bbox 431 1518 2531 1624; baseline -0.011 -23"><span class='ocrx_word' id='word_1_76' title='bbox 431 1530 714 1601; x_wconf 83' lang='lat' dir='ltr'>Canidia</span> <span class='ocrx_word' id='word_1_77' title='bbox 748 1528 1036 1599; x_wconf 83' lang='lat' dir='ltr'>afflasset</span> <span class='ocrx_word' id='word_1_78' title='bbox 1070 1528 1266 1624; x_wconf 86' lang='lat' dir='ltr'>pejor</span> <span class='ocrx_word' id='word_1_79' title='bbox 1297 1520 1725 1619; x_wconf 83' lang='lat' dir='ltr'>serpentibus</span> <span class='ocrx_word' id='word_1_80' title='bbox 1752 1518 1956 1594; x_wconf 80' lang='lat' dir='ltr'>Afris.</span> <span class='ocrx_word' id='word_1_81' title='bbox 2449 1520 2531 1600; x_wconf 81' lang='lat'>9⁵</span> 
     </span>
    </p>
   </div>
   <div class='ocr_carea' id='block_1_3' title="bbox 377 1738 2537 2982">
    <p class='ocr_par' dir='ltr' id='par_1_10' title="bbox 377 1738 2537 2982">
     <span class='ocr_line' id='line_1_12' title="bbox 432 1738 2523 1817; baseline -0.005 -13"><span class='ocrx_word' id='word_1_82' title='bbox 432 1750 652 1805; x_wconf 74' lang='lat' dir='ltr'>oiim-um</span> <span class='ocrx_word' id='word_1_83' title='bbox 695 1756 958 1817; x_wconf 75' lang='lat' dir='ltr'>apparatus</span> <span class='ocrx_word' id='word_1_84' title='bbox 997 1746 1060 1797; x_wconf 84' lang='lat' dir='ltr'>ad</span> <span class='ocrx_word' id='word_1_85' title='bbox 1104 1743 1447 1814; x_wconf 79' lang='lat' dir='ltr'>expellendum</span> <span class='ocrx_word' id='word_1_86' title='bbox 1521 1740 1762 1796; x_wconf 78' lang='lat' dir='ltr'>solebant.</span> <span class='ocrx_word' id='word_1_87' title='bbox 1792 1738 1919 1791; x_wconf 76' lang='lat' dir='ltr'>vid.</span> <span class='ocrx_word' id='word_1_88' title='bbox 1962 1738 2152 1793; x_wconf 81' lang='lat' dir='ltr'>Nielas.</span> <span class='ocrx_word' id='word_1_89' title='bbox 2194 1740 2259 1794; x_wconf 81' lang='lat' dir='ltr'>ad</span> <span class='ocrx_word' id='word_1_90' title='bbox 2297 1738 2523 1809; x_wconf 67' lang='grc' dir='ltr'>(ἔνωμα.</span> 
     </span>
     <span class='ocr_line' id='line_1_13' title="bbox 439 1825 2053 1893; baseline -0.006 -6"><span class='ocrx_word' id='word_1_91' title='bbox 439 1849 470 1887; x_wconf 87' lang='lat' dir='ltr'>e</span> <span class='ocrx_word' id='word_1_92' title='bbox 497 1832 806 1883; x_wconf 78' lang='lat' dir='ltr'>convivarum</span> <span class='ocrx_word' id='word_1_93' title='bbox 833 1829 1066 1881; x_wconf 83' lang='lat' dir='ltr'>memoria</span> <span class='ocrx_word' id='word_1_94' title='bbox 1097 1827 1239 1881; x_wconf 67' lang='lat' dir='ltr'>aulai</span> <span class='ocrx_word' id='word_1_95' title='bbox 1262 1842 1445 1879; x_wconf 78' lang='lat' dir='ltr'>casum.</span> <span class='ocrx_word' id='word_1_96' title='bbox 1521 1825 1673 1892; x_wconf 70' lang='lat' dir='ltr'>XIV,</span> <span class='ocrx_word' id='word_1_97' title='bbox 1697 1835 1789 1889; x_wconf 69' lang='lat' dir='ltr'>aa,</span> <span class='ocrx_word' id='word_1_98' title='bbox 1818 1842 1870 1893; x_wconf 81' lang='lat' dir='ltr'>p.</span> <span class='ocrx_word' id='word_1_99' title='bbox 1896 1834 2053 1877; x_wconf 70' lang='lat'><strong>¹02³.</strong></span> 
     </span>
     <span class='ocr_line' id='line_1_14' title="bbox 438 1906 2524 1977; baseline -0.001 -14"><span class='ocrx_word' id='word_1_100' title='bbox 438 1914 540 1967; x_wconf 83' lang='lat' dir='ltr'>En.</span> <span class='ocrx_word' id='word_1_101' title='bbox 567 1942 641 1954; x_wconf 81' lang='lat'>--</span> <span class='ocrx_word' id='word_1_102' title='bbox 660 1914 987 1976; x_wconf 66' lang='lat' dir='ltr'>Memnonio,</span> <span class='ocrx_word' id='word_1_103' title='bbox 1009 1908 1147 1961; x_wconf 82' lang='lat' dir='ltr'>laneo</span> <span class='ocrx_word' id='word_1_104' title='bbox 1163 1907 1448 1975; x_wconf 73' lang='lat' dir='ltr'>grandiore,</span> <span class='ocrx_word' id='word_1_105' title='bbox 1594 1916 1681 1961; x_wconf 73' lang='lat'>8⁹.</span> <span class='ocrx_word' id='word_1_106' title='bbox 1722 1907 2042 1977; x_wconf 66' lang='lat' dir='ltr'>lepor-sen...</span> <span class='ocrx_word' id='word_1_107' title='bbox 2066 1922 2264 1969; x_wconf 74' lang='lat' dir='ltr'>armos,</span> <span class='ocrx_word' id='word_1_108' title='bbox 2287 1906 2355 1959; x_wconf 79' lang='lat' dir='ltr'>ef.</span> <span class='ocrx_word' id='word_1_109' title='bbox 2385 1923 2524 1975; x_wconf 80' lang='lat' dir='ltr'>supr.</span> 
     </span>
     <span class='ocr_line' id='line_1_15' title="bbox 377 1987 2526 2067; baseline -0.007 -17"><span class='ocrx_word' id='word_1_110' title='bbox 377 1990 390 2009; x_wconf 71' lang='lat'>⁸</span> <span class='ocrx_word' id='word_1_111' title='bbox 441 1998 494 2049; x_wconf 86' lang='lat' dir='ltr'>in</span> <span class='ocrx_word' id='word_1_112' title='bbox 515 2013 613 2067; x_wconf 76' lang='lat' dir='ltr'>qua</span> <span class='ocrx_word' id='word_1_113' title='bbox 637 2014 738 2049; x_wconf 86' lang='lat' dir='ltr'>non</span> <span class='ocrx_word' id='word_1_114' title='bbox 763 2003 950 2046; x_wconf 79' lang='lat' dir='ltr'>tantum</span> <span class='ocrx_word' id='word_1_115' title='bbox 979 1990 1112 2061; x_wconf 74' lang='grc' dir='ltr'>μάζα</span> <span class='ocrx_word' id='word_1_116' title='bbox 1130 2028 1145 2055; x_wconf 86' lang='grc'><strong>,</strong></span> <span class='ocrx_word' id='word_1_117' title='bbox 1184 1988 1271 2041; x_wconf 84' lang='lat' dir='ltr'>sed</span> <span class='ocrx_word' id='word_1_118' title='bbox 1301 1988 1450 2040; x_wconf 76' lang='lat' dir='ltr'>etiam</span> <span class='ocrx_word' id='word_1_119' title='bbox 1521 1992 1584 2045; x_wconf 77' lang='lat' dir='ltr'>ad</span> <span class='ocrx_word' id='word_1_120' title='bbox 1608 1990 1713 2042; x_wconf 79' lang='lat' dir='ltr'>Sat.</span> <span class='ocrx_word' id='word_1_121' title='bbox 1738 1990 1816 2053; x_wconf 88' lang='lat'>11,</span> <span class='ocrx_word' id='word_1_122' title='bbox 1846 1998 1901 2050; x_wconf 69' lang='lat'>⁴,</span> <span class='ocrx_word' id='word_1_123' title='bbox 1927 1998 2016 2042; x_wconf 69' lang='grc'>44.</span> <span class='ocrx_word' id='word_1_124' title='bbox 2046 2015 2113 2027; x_wconf 89' lang='lat'><em>-</em></span> <span class='ocrx_word' id='word_1_125' title='bbox 2132 1987 2357 2039; x_wconf 72' lang='lat' dir='ltr'>mmlas</span> <span class='ocrx_word' id='word_1_126' title='bbox 2373 2026 2388 2050; x_wconf 89' lang='lat'>‚</span> <span class='ocrx_word' id='word_1_127' title='bbox 2410 1988 2526 2055; x_wconf 72' lang='lat' dir='ltr'>gall.</span> 
     </span>
     <span class='ocr_line' id='line_1_16' title="bbox 438 2068 2528 2143; baseline -0.005 -11"><span class='ocrx_word' id='word_1_128' title='bbox 438 2081 549 2132; x_wconf 68' lang='lat' dir='ltr'>alia</span> <span class='ocrx_word' id='word_1_129' title='bbox 581 2096 700 2133; x_wconf 63' lang='lat' dir='ltr'>esem</span> <span class='ocrx_word' id='word_1_130' title='bbox 739 2086 874 2130; x_wconf 64' lang='lat' dir='ltr'>loom</span> <span class='ocrx_word' id='word_1_131' title='bbox 906 2072 1140 2132; x_wconf 64' lang='lat' dir='ltr'>elixave,</span> <span class='ocrx_word' id='word_1_132' title='bbox 1181 2080 1241 2123; x_wconf 82' lang='lat' dir='ltr'>ut</span> <span class='ocrx_word' id='word_1_133' title='bbox 1269 2071 1322 2125; x_wconf 85' lang='lat' dir='ltr'>in</span> <span class='ocrx_word' id='word_1_134' title='bbox 1360 2071 1454 2124; x_wconf 80' lang='lat' dir='ltr'>hoc</span> <span class='ocrx_word' id='word_1_135' title='bbox 1520 2071 1610 2126; x_wconf 82' lang='lat' dir='ltr'>des</span> <span class='ocrx_word' id='word_1_136' title='bbox 1637 2070 1837 2124; x_wconf 74' lang='lat' dir='ltr'>mer-les.</span> <span class='ocrx_word' id='word_1_137' title='bbox 1872 2068 1969 2122; x_wconf 85' lang='lat' dir='ltr'>En.</span> <span class='ocrx_word' id='word_1_138' title='bbox 2002 2098 2077 2113; x_wconf 87' lang='lat'>-·</span> <span class='ocrx_word' id='word_1_139' title='bbox 2100 2069 2215 2122; x_wconf 76' lang='lat' dir='ltr'>sins</span> <span class='ocrx_word' id='word_1_140' title='bbox 2244 2072 2400 2123; x_wconf 77' lang='lat' dir='ltr'>clune</span> <span class='ocrx_word' id='word_1_141' title='bbox 2424 2090 2528 2143; x_wconf 79' lang='lat' dir='ltr'>pa·-</span> 
     </span>
     <span class='ocr_line' id='line_1_17' title="bbox 435 2152 2530 2231; baseline -0.003 -16"><span class='ocrx_word' id='word_1_142' title='bbox 435 2163 540 2215; x_wconf 85' lang='lat' dir='ltr'>loeo</span> <span class='ocrx_word' id='word_1_143' title='bbox 553 2201 566 2223; x_wconf 84' lang='lat'>‚</span> <span class='ocrx_word' id='word_1_144' title='bbox 581 2160 931 2215; x_wconf 74' lang='lat' dir='ltr'>afferebantur.</span> <span class='ocrx_word' id='word_1_145' title='bbox 955 2186 1029 2197; x_wconf 94' lang='lat'>—-</span> <span class='ocrx_word' id='word_1_146' title='bbox 1045 2174 1150 2208; x_wconf 81' lang='lat' dir='ltr'>non</span> <span class='ocrx_word' id='word_1_147' title='bbox 1167 2152 1452 2227; x_wconf 78' lang='lat' dir='ltr'>sz&#39;toesam,</span> <span class='ocrx_word' id='word_1_148' title='bbox 1523 2154 1718 2209; x_wconf 79' lang='lat' dir='ltr'>lumbes</span> <span class='ocrx_word' id='word_1_149' title='bbox 1729 2194 1746 2223; x_wconf 88' lang='lat'>,</span> <span class='ocrx_word' id='word_1_150' title='bbox 1762 2156 2017 2231; x_wconf 73' lang='lat' dir='ltr'>palumbes</span> <span class='ocrx_word' id='word_1_151' title='bbox 2031 2156 2141 2209; x_wconf 88' lang='lat' dir='ltr'>siue</span> <span class='ocrx_word' id='word_1_152' title='bbox 2157 2172 2215 2209; x_wconf 88' lang='lat' dir='ltr'>ea</span> <span class='ocrx_word' id='word_1_153' title='bbox 2231 2167 2369 2227; x_wconf 79' lang='lat' dir='ltr'>parte</span> <span class='ocrx_word' id='word_1_154' title='bbox 2382 2192 2400 2225; x_wconf 90' lang='lat'><strong>,</strong></span> <span class='ocrx_word' id='word_1_155' title='bbox 2418 2170 2530 2229; x_wconf 70' lang='lat' dir='ltr'>qu·</span> 
     </span>
     <span class='ocr_line' id='line_1_18' title="bbox 433 2237 2527 2317; baseline -0.001 -20"><span class='ocrx_word' id='word_1_156' title='bbox 433 2262 524 2315; x_wconf 81' lang='lat' dir='ltr'>per</span> <span class='ocrx_word' id='word_1_157' title='bbox 536 2244 638 2317; x_wconf 80' lang='lat' dir='ltr'>sar</span> <span class='ocrx_word' id='word_1_158' title='bbox 670 2243 898 2314; x_wconf 85' lang='lat' dir='ltr'>equidem</span> <span class='ocrx_word' id='word_1_159' title='bbox 937 2256 1040 2293; x_wconf 86' lang='lat' dir='ltr'>non</span> <span class='ocrx_word' id='word_1_160' title='bbox 1085 2239 1295 2291; x_wconf 75' lang='lat' dir='ltr'>farinam</span> <span class='ocrx_word' id='word_1_161' title='bbox 1313 2276 1330 2306; x_wconf 86' lang='lat'>,</span> <span class='ocrx_word' id='word_1_162' title='bbox 1367 2237 1455 2290; x_wconf 83' lang='lat' dir='ltr'>sed</span> <span class='ocrx_word' id='word_1_163' title='bbox 1524 2240 1707 2294; x_wconf 77' lang='lat' dir='ltr'>lautior</span> <span class='ocrx_word' id='word_1_164' title='bbox 1724 2250 1817 2294; x_wconf 81' lang='lat' dir='ltr'>est.</span> <span class='ocrx_word' id='word_1_165' title='bbox 1840 2238 2070 2293; x_wconf 63' lang='lat' dir='ltr'><strong>Em—n·</strong></span> <span class='ocrx_word' id='word_1_166' title='bbox 2084 2258 2187 2293; x_wconf 80' lang='lat' dir='ltr'>non</span> <span class='ocrx_word' id='word_1_167' title='bbox 2203 2258 2411 2303; x_wconf 82' lang='lat' dir='ltr'>causas,</span> <span class='ocrx_word' id='word_1_168' title='bbox 2432 2252 2527 2295; x_wconf 74' lang='lat' dir='ltr'>ote.</span> 
     </span>
     <span class='ocr_line' id='line_1_19' title="bbox 433 2320 2531 2397; baseline 0 -16"><span class='ocrx_word' id='word_1_169' title='bbox 433 2331 648 2381; x_wconf 80' lang='lat' dir='ltr'>minutas</span> <span class='ocrx_word' id='word_1_170' title='bbox 673 2328 819 2397; x_wconf 79' lang='lat' dir='ltr'>panis</span> <span class='ocrx_word' id='word_1_171' title='bbox 849 2342 912 2379; x_wconf 82' lang='lat' dir='ltr'>ex</span> <span class='ocrx_word' id='word_1_172' title='bbox 940 2324 1074 2377; x_wconf 77' lang='lat' dir='ltr'>farre</span> <span class='ocrx_word' id='word_1_173' title='bbox 1088 2323 1212 2376; x_wconf 74' lang='lat' dir='ltr'>moti</span> <span class='ocrx_word' id='word_1_174' title='bbox 1232 2320 1456 2391; x_wconf 74' lang='lat' dir='ltr'>particu-</span> <span class='ocrx_word' id='word_1_175' title='bbox 1526 2324 1659 2378; x_wconf 86' lang='lat' dir='ltr'>nihil</span> <span class='ocrx_word' id='word_1_176' title='bbox 1702 2327 1838 2378; x_wconf 86' lang='lat' dir='ltr'>enim</span> <span class='ocrx_word' id='word_1_177' title='bbox 1876 2324 2116 2394; x_wconf 81' lang='lat' dir='ltr'>ejusmodi</span> <span class='ocrx_word' id='word_1_178' title='bbox 2154 2342 2278 2379; x_wconf 76' lang='lat' dir='ltr'>vano</span> <span class='ocrx_word' id='word_1_179' title='bbox 2309 2328 2531 2381; x_wconf 72' lang='lat' dir='ltr'>conviva-</span> 
     </span>
     <span class='ocr_line' id='line_1_20' title="bbox 434 2410 2529 2479; baseline -0.001 -14"><span class='ocrx_word' id='word_1_180' title='bbox 434 2412 508 2465; x_wconf 86' lang='lat' dir='ltr'>las</span> <span class='ocrx_word' id='word_1_181' title='bbox 531 2412 875 2464; x_wconf 78' lang='lat' dir='ltr'>intellexerim.</span> <span class='ocrx_word' id='word_1_182' title='bbox 1522 2420 1629 2462; x_wconf 74' lang='lat' dir='ltr'>tore</span> <span class='ocrx_word' id='word_1_183' title='bbox 1642 2448 1659 2475; x_wconf 94' lang='lat'>‚</span> <span class='ocrx_word' id='word_1_184' title='bbox 1688 2410 1911 2464; x_wconf 80' lang='lat' dir='ltr'>ciborum</span> <span class='ocrx_word' id='word_1_185' title='bbox 1930 2412 2171 2479; x_wconf 72' lang='lat' dir='ltr'>originem</span> <span class='ocrx_word' id='word_1_186' title='bbox 2191 2450 2207 2475; x_wconf 95' lang='lat'>,</span> <span class='ocrx_word' id='word_1_187' title='bbox 2229 2413 2444 2479; x_wconf 79' lang='lat' dir='ltr'>pretium</span> <span class='ocrx_word' id='word_1_188' title='bbox 2476 2421 2529 2465; x_wconf 84' lang='lat' dir='ltr'>et</span> 
     </span>
     <span class='ocr_line' id='line_1_21' title="bbox 513 2480 2530 2565; baseline 0.001 -19"><span class='ocrx_word' id='word_1_189' title='bbox 513 2506 597 2545; x_wconf 79' lang='lat'>88.</span> <span class='ocrx_word' id='word_1_190' title='bbox 629 2494 764 2545; x_wconf 61' lang='lat' dir='ltr'>Facis</span> <span class='ocrx_word' id='word_1_191' title='bbox 783 2504 988 2563; x_wconf 72' lang='lat' dir='ltr'>pascum</span> <span class='ocrx_word' id='word_1_192' title='bbox 1005 2525 1024 2549; x_wconf 89' lang='lat'>‚</span> <span class='ocrx_word' id='word_1_193' title='bbox 1049 2480 1186 2557; x_wconf 65' lang='grc' dir='ltr'>ἧπαρ</span> <span class='ocrx_word' id='word_1_194' title='bbox 1221 2485 1450 2553; x_wconf 67' lang='grc' dir='ltr'>συκυτόν,</span> <span class='ocrx_word' id='word_1_195' title='bbox 1524 2502 1747 2546; x_wconf 80' lang='lat' dir='ltr'>naturam</span> <span class='ocrx_word' id='word_1_196' title='bbox 1771 2494 2074 2548; x_wconf 71' lang='lat' dir='ltr'>itidentidem</span> <span class='ocrx_word' id='word_1_197' title='bbox 2098 2496 2402 2565; x_wconf 70' lang='lat' dir='ltr'>explicante,</span> <span class='ocrx_word' id='word_1_198' title='bbox 2422 2512 2530 2549; x_wconf 82' lang='lat' dir='ltr'>mo-</span> 
     </span>
     <span class='ocr_line' id='line_1_22' title="bbox 439 2570 2269 2647; baseline 0.002 -20"><span class='ocrx_word' id='word_1_199' title='bbox 439 2592 592 2645; x_wconf 81' lang='lat' dir='ltr'>quum</span> <span class='ocrx_word' id='word_1_200' title='bbox 599 2578 700 2643; x_wconf 74' lang='lat' dir='ltr'>jain</span> <span class='ocrx_word' id='word_1_201' title='bbox 714 2575 832 2628; x_wconf 81' lang='lat' dir='ltr'>olim</span> <span class='ocrx_word' id='word_1_202' title='bbox 847 2573 1038 2635; x_wconf 72' lang='lat' dir='ltr'>anseris</span> <span class='ocrx_word' id='word_1_203' title='bbox 1045 2573 1190 2641; x_wconf 81' lang='lat' dir='ltr'>jecur</span> <span class='ocrx_word' id='word_1_204' title='bbox 1201 2572 1264 2623; x_wconf 83' lang='lat' dir='ltr'>sd</span> <span class='ocrx_word' id='word_1_205' title='bbox 1275 2570 1456 2622; x_wconf 80' lang='lat' dir='ltr'>lautis·</span> <span class='ocrx_word' id='word_1_206' title='bbox 1526 2575 1701 2629; x_wconf 71' lang='lat' dir='ltr'>leutius</span> <span class='ocrx_word' id='word_1_207' title='bbox 1721 2586 1868 2647; x_wconf 75' lang='lat' dir='ltr'>atque</span> <span class='ocrx_word' id='word_1_208' title='bbox 1891 2580 2269 2633; x_wconf 76' lang='lat' dir='ltr'>intolerabilius.</span> 
     </span>
     <span class='ocr_line' id='line_1_23' title="bbox 441 2655 2537 2731; baseline 0.002 -21"><span class='ocrx_word' id='word_1_209' title='bbox 441 2660 589 2711; x_wconf 83' lang='lat' dir='ltr'>simas</span> <span class='ocrx_word' id='word_1_210' title='bbox 609 2658 776 2727; x_wconf 80' lang='lat' dir='ltr'>epulas</span> <span class='ocrx_word' id='word_1_211' title='bbox 793 2658 1060 2710; x_wconf 74' lang='lat' dir='ltr'>referretur</span> <span class='ocrx_word' id='word_1_212' title='bbox 1073 2695 1089 2719; x_wconf 87' lang='lat'><strong>‚</strong></span> <span class='ocrx_word' id='word_1_213' title='bbox 1109 2655 1228 2709; x_wconf 81' lang='lat' dir='ltr'>olim</span> <span class='ocrx_word' id='word_1_214' title='bbox 1252 2670 1448 2724; x_wconf 85' lang='lat' dir='ltr'>quoque</span> <span class='ocrx_word' id='word_1_215' title='bbox 1594 2670 1681 2712; x_wconf 77' lang='lat' dir='ltr'>u.</span> <span class='ocrx_word' id='word_1_216' title='bbox 1709 2660 1853 2726; x_wconf 72' lang='lat' dir='ltr'>Illis,</span> <span class='ocrx_word' id='word_1_217' title='bbox 1868 2662 2108 2729; x_wconf 81' lang='lat' dir='ltr'>appositis</span> <span class='ocrx_word' id='word_1_218' title='bbox 2126 2662 2270 2714; x_wconf 85' lang='lat' dir='ltr'>cibis.</span> <span class='ocrx_word' id='word_1_219' title='bbox 2294 2660 2537 2731; x_wconf 58' lang='lat' dir='ltr'>cannata,</span> 
     </span>
     <span class='ocr_line' id='line_1_24' title="bbox 440 2738 2532 2815; baseline 0 -19"><span class='ocrx_word' id='word_1_220' title='bbox 440 2759 636 2797; x_wconf 86' lang='lat' dir='ltr'>anseres</span> <span class='ocrx_word' id='word_1_221' title='bbox 653 2780 669 2809; x_wconf 91' lang='lat'>,</span> <span class='ocrx_word' id='word_1_222' title='bbox 691 2752 745 2793; x_wconf 85' lang='lat' dir='ltr'>ut</span> <span class='ocrx_word' id='word_1_223' title='bbox 770 2758 927 2804; x_wconf 84' lang='lat' dir='ltr'>nune,</span> <span class='ocrx_word' id='word_1_224' title='bbox 949 2742 1074 2793; x_wconf 72' lang='lat' dir='ltr'>varii</span> <span class='ocrx_word' id='word_1_225' title='bbox 1094 2738 1288 2807; x_wconf 86' lang='lat' dir='ltr'>generis</span> <span class='ocrx_word' id='word_1_226' title='bbox 1305 2738 1448 2800; x_wconf 82' lang='lat' dir='ltr'>cibis,</span> <span class='ocrx_word' id='word_1_227' title='bbox 1520 2742 1639 2794; x_wconf 76' lang='lat' dir='ltr'>satis</span> <span class='ocrx_word' id='word_1_228' title='bbox 1660 2752 1773 2795; x_wconf 75' lang='lat' dir='ltr'>nota</span> <span class='ocrx_word' id='word_1_229' title='bbox 1792 2760 1855 2794; x_wconf 83' lang='lat' dir='ltr'>ex</span> <span class='ocrx_word' id='word_1_230' title='bbox 1870 2743 1975 2795; x_wconf 82' lang='lat' dir='ltr'>Sat.</span> <span class='ocrx_word' id='word_1_231' title='bbox 1997 2744 2043 2809; x_wconf 94' lang='lat'>1,</span> <span class='ocrx_word' id='word_1_232' title='bbox 2068 2756 2115 2797; x_wconf 79' lang='lat'>8.</span> <span class='ocrx_word' id='word_1_233' title='bbox 2135 2756 2189 2799; x_wconf 81' lang='lat' dir='ltr'>et</span> <span class='ocrx_word' id='word_1_234' title='bbox 2202 2746 2363 2815; x_wconf 80' lang='lat' dir='ltr'>Epod.</span> <span class='ocrx_word' id='word_1_235' title='bbox 2384 2744 2457 2798; x_wconf 82' lang='lat' dir='ltr'>V.</span> <span class='ocrx_word' id='word_1_236' title='bbox 2478 2756 2532 2799; x_wconf 85' lang='lat' dir='ltr'>et</span> 
     </span>
     <span class='ocr_line' id='line_1_25' title="bbox 437 2821 2529 2897; baseline 0.002 -20"><span class='ocrx_word' id='word_1_237' title='bbox 437 2828 620 2897; x_wconf 83' lang='lat' dir='ltr'>quibus</span> <span class='ocrx_word' id='word_1_238' title='bbox 645 2843 815 2879; x_wconf 82' lang='lat' dir='ltr'>eorum</span> <span class='ocrx_word' id='word_1_239' title='bbox 841 2826 1004 2893; x_wconf 73' lang='lat' dir='ltr'>jecora</span> <span class='ocrx_word' id='word_1_240' title='bbox 1029 2834 1127 2877; x_wconf 82' lang='lat' dir='ltr'>tam</span> <span class='ocrx_word' id='word_1_241' title='bbox 1151 2823 1410 2892; x_wconf 77' lang='lat' dir='ltr'>grandiora</span> <span class='ocrx_word' id='word_1_242' title='bbox 1431 2860 1446 2889; x_wconf 90' lang='lat'>‚</span> <span class='ocrx_word' id='word_1_243' title='bbox 1520 2822 1703 2875; x_wconf 81' lang='lat' dir='ltr'><strong>xvn.</strong></span> <span class='ocrx_word' id='word_1_244' title='bbox 1734 2850 1803 2864; x_wconf 89' lang='lat'>-</span> <span class='ocrx_word' id='word_1_245' title='bbox 1834 2821 2106 2896; x_wconf 76' lang='lat' dir='ltr'>afflasset,</span> <span class='ocrx_word' id='word_1_246' title='bbox 2146 2844 2217 2880; x_wconf 85' lang='lat' dir='ltr'>sc.</span> <span class='ocrx_word' id='word_1_247' title='bbox 2254 2844 2529 2896; x_wconf 71' lang='lat' dir='ltr'>venenum3</span> 
     </span>
     <span class='ocr_line' id='line_1_26' title="bbox 438 2906 2107 2982; baseline -0.002 -17"><span class='ocrx_word' id='word_1_248' title='bbox 438 2929 584 2982; x_wconf 81' lang='lat' dir='ltr'>quam</span> <span class='ocrx_word' id='word_1_249' title='bbox 627 2912 886 2982; x_wconf 73' lang='lat' dir='ltr'>pinguiora</span> <span class='ocrx_word' id='word_1_250' title='bbox 923 2910 1276 2973; x_wconf 75' lang='lat' dir='ltr'>redderentur,</span> <span class='ocrx_word' id='word_1_251' title='bbox 1317 2906 1452 2977; x_wconf 77' lang='lat' dir='ltr'>pasci</span> <span class='ocrx_word' id='word_1_252' title='bbox 1522 2910 1785 2978; x_wconf 63' lang='lat' dir='ltr'>-pejem</span> <span class='ocrx_word' id='word_1_253' title='bbox 1802 2909 2107 2963; x_wconf 78' lang='lat' dir='ltr'>venenatior.</span> 
     </span>
    </p>
   </div>
   <div class='ocr_carea' id='block_1_4' title="bbox 1245 3116 1713 3133">
    <p class='ocr_par' dir='ltr' id='par_1_11' title="bbox 1245 3116 1713 3133">
     <span class='ocr_line' id='line_1_27' title="bbox 1245 3116 1713 3133; baseline 0 1551"><span class='ocrx_word' id='word_1_254' title='bbox 1245 3116 1713 3133; x_wconf 95' lang='lat' dir='ltr'> </span> 
     </span>
    </p>
   </div>
   <div class='ocr_carea' id='block_1_5' title="bbox 435 3278 2549 4047">
    <p class='ocr_par' dir='ltr' id='par_1_12' title="bbox 435 3278 2549 4047">
     <span class='ocr_line' id='line_1_28' title="bbox 508 3278 2533 3354; baseline 0.002 -20"><span class='ocrx_word' id='word_1_255' title='bbox 508 3278 778 3335; x_wconf 71' lang='lat' dir='ltr'>Aaursis.</span> <span class='ocrx_word' id='word_1_256' title='bbox 829 3283 892 3335; x_wconf 84' lang='lat' dir='ltr'>In</span> <span class='ocrx_word' id='word_1_257' title='bbox 931 3282 1024 3335; x_wconf 83' lang='lat' dir='ltr'>hae</span> <span class='ocrx_word' id='word_1_258' title='bbox 1056 3280 1221 3337; x_wconf 81' lang='lat' dir='ltr'>Satira</span> <span class='ocrx_word' id='word_1_259' title='bbox 1253 3284 1492 3337; x_wconf 74' lang='lat' dir='ltr'>Horatius</span> <span class='ocrx_word' id='word_1_260' title='bbox 1526 3284 1691 3354; x_wconf 83' lang='lat' dir='ltr'>lepide</span> <span class='ocrx_word' id='word_1_261' title='bbox 1722 3300 1779 3337; x_wconf 83' lang='lat' dir='ltr'>ae</span> <span class='ocrx_word' id='word_1_262' title='bbox 1812 3284 1967 3337; x_wconf 77' lang='lat' dir='ltr'>facete</span> <span class='ocrx_word' id='word_1_263' title='bbox 2000 3282 2231 3336; x_wconf 80' lang='lat' dir='ltr'>describit</span> <span class='ocrx_word' id='word_1_264' title='bbox 2257 3284 2533 3339; x_wconf 71' lang='lat' dir='ltr'>convivium</span> 
     </span>
     <span class='ocr_line' id='line_1_29' title="bbox 441 3366 2535 3439; baseline 0.002 -20"><span class='ocrx_word' id='word_1_265' title='bbox 441 3366 702 3423; x_wconf 74' lang='lat' dir='ltr'>Nasidieni</span> <span class='ocrx_word' id='word_1_266' title='bbox 729 3370 983 3437; x_wconf 82' lang='lat' dir='ltr'>cujusdam</span> <span class='ocrx_word' id='word_1_267' title='bbox 1002 3408 1018 3431; x_wconf 94' lang='lat'>,</span> <span class='ocrx_word' id='word_1_268' title='bbox 1039 3370 1210 3422; x_wconf 78' lang='lat' dir='ltr'>divitis</span> <span class='ocrx_word' id='word_1_269' title='bbox 1229 3406 1246 3435; x_wconf 85' lang='lat'>‚</span> <span class='ocrx_word' id='word_1_270' title='bbox 1267 3370 1354 3423; x_wconf 84' lang='lat' dir='ltr'>sed</span> <span class='ocrx_word' id='word_1_271' title='bbox 1377 3370 1537 3439; x_wconf 79' lang='lat' dir='ltr'>inepti</span> <span class='ocrx_word' id='word_1_272' title='bbox 1560 3379 1616 3423; x_wconf 79' lang='lat' dir='ltr'>et</span> <span class='ocrx_word' id='word_1_273' title='bbox 1638 3370 1813 3425; x_wconf 82' lang='lat' dir='ltr'>insulsi</span> <span class='ocrx_word' id='word_1_274' title='bbox 1830 3369 2175 3423; x_wconf 75' lang='lat' dir='ltr'>convivatoris.</span> <span class='ocrx_word' id='word_1_275' title='bbox 2194 3368 2455 3424; x_wconf 74' lang='lat' dir='ltr'>Nescimus</span> <span class='ocrx_word' id='word_1_276' title='bbox 2470 3388 2535 3425; x_wconf 85' lang='lat' dir='ltr'>an</span> 
     </span>
     <span class='ocr_line' id='line_1_30' title="bbox 447 3452 2533 3527; baseline 0.004 -24"><span class='ocrx_word' id='word_1_277' title='bbox 447 3452 532 3505; x_wconf 83' lang='lat' dir='ltr'>illa</span> <span class='ocrx_word' id='word_1_278' title='bbox 561 3456 660 3507; x_wconf 78' lang='lat' dir='ltr'>fleti</span> <span class='ocrx_word' id='word_1_279' title='bbox 689 3456 898 3509; x_wconf 73' lang='lat' dir='ltr'>convivii</span> <span class='ocrx_word' id='word_1_280' title='bbox 927 3456 1258 3524; x_wconf 78' lang='lat' dir='ltr'>descriptione</span> <span class='ocrx_word' id='word_1_281' title='bbox 1279 3494 1298 3521; x_wconf 86' lang='lat'>,</span> <span class='ocrx_word' id='word_1_282' title='bbox 1327 3456 1424 3508; x_wconf 85' lang='lat' dir='ltr'>sub</span> <span class='ocrx_word' id='word_1_283' title='bbox 1454 3456 1717 3511; x_wconf 79' lang='lat' dir='ltr'>Nasidieni</span> <span class='ocrx_word' id='word_1_284' title='bbox 1751 3457 1952 3511; x_wconf 82' lang='lat' dir='ltr'>nomine</span> <span class='ocrx_word' id='word_1_285' title='bbox 1969 3494 1986 3518; x_wconf 93' lang='lat'><strong>‚</strong></span> <span class='ocrx_word' id='word_1_286' title='bbox 2007 3456 2247 3527; x_wconf 80' lang='lat' dir='ltr'>quodda-</span> <span class='ocrx_word' id='word_1_287' title='bbox 2277 3458 2533 3511; x_wconf 75' lang='lat' dir='ltr'>hominum</span> 
     </span>
     <span class='ocr_line' id='line_1_31' title="bbox 441 3540 2537 3611; baseline 0.002 -19"><span class='ocrx_word' id='word_1_288' title='bbox 441 3556 594 3607; x_wconf 83' lang='lat' dir='ltr'>genus</span> <span class='ocrx_word' id='word_1_289' title='bbox 623 3540 786 3594; x_wconf 82' lang='lat' dir='ltr'>ridere</span> <span class='ocrx_word' id='word_1_290' title='bbox 813 3542 1028 3595; x_wconf 75' lang='lat' dir='ltr'>voluerit</span> <span class='ocrx_word' id='word_1_291' title='bbox 1053 3550 1198 3611; x_wconf 74' lang='lat' dir='ltr'>poeta</span> <span class='ocrx_word' id='word_1_292' title='bbox 1216 3580 1232 3605; x_wconf 95' lang='lat'>,</span> <span class='ocrx_word' id='word_1_293' title='bbox 1255 3542 1344 3611; x_wconf 85' lang='lat' dir='ltr'>qui</span> <span class='ocrx_word' id='word_1_294' title='bbox 1367 3543 1548 3597; x_wconf 86' lang='lat' dir='ltr'>nimios</span> <span class='ocrx_word' id='word_1_295' title='bbox 1567 3560 1811 3597; x_wconf 80' lang='lat' dir='ltr'>eoenarum</span> <span class='ocrx_word' id='word_1_296' title='bbox 1842 3544 1989 3597; x_wconf 84' lang='lat' dir='ltr'>luxus</span> <span class='ocrx_word' id='word_1_297' title='bbox 2013 3543 2298 3597; x_wconf 74' lang='lat' dir='ltr'>affectantes</span> <span class='ocrx_word' id='word_1_298' title='bbox 2316 3582 2333 3607; x_wconf 89' lang='lat'><strong>,</strong></span> <span class='ocrx_word' id='word_1_299' title='bbox 2350 3543 2537 3597; x_wconf 79' lang='lat' dir='ltr'>identi-</span> 
     </span>
     <span class='ocr_line' id='line_1_32' title="bbox 436 3626 2538 3699; baseline 0.001 -20"><span class='ocrx_word' id='word_1_300' title='bbox 436 3626 550 3679; x_wconf 80' lang='lat' dir='ltr'>dem</span> <span class='ocrx_word' id='word_1_301' title='bbox 576 3626 775 3696; x_wconf 78' lang='lat' dir='ltr'>aliquod</span> <span class='ocrx_word' id='word_1_302' title='bbox 795 3628 1046 3696; x_wconf 84' lang='lat' dir='ltr'>ingenium</span> <span class='ocrx_word' id='word_1_303' title='bbox 1068 3630 1192 3697; x_wconf 71' lang='lat' dir='ltr'>gulae</span> <span class='ocrx_word' id='word_1_304' title='bbox 1219 3638 1271 3681; x_wconf 82' lang='lat' dir='ltr'>et</span> <span class='ocrx_word' id='word_1_305' title='bbox 1287 3630 1548 3699; x_wconf 83' lang='lat' dir='ltr'>quamdam</span> <span class='ocrx_word' id='word_1_306' title='bbox 1569 3630 1800 3699; x_wconf 84' lang='lat' dir='ltr'>epulandi</span> <span class='ocrx_word' id='word_1_307' title='bbox 1818 3629 2071 3683; x_wconf 79' lang='lat' dir='ltr'>seientiam</span> <span class='ocrx_word' id='word_1_308' title='bbox 2087 3638 2333 3683; x_wconf 80' lang='lat' dir='ltr'>ostentare</span> <span class='ocrx_word' id='word_1_309' title='bbox 2346 3628 2538 3696; x_wconf 79' lang='lat' dir='ltr'>volunt,</span> 
     </span>
     <span class='ocr_line' id='line_1_33' title="bbox 437 3712 2537 3784; baseline 0.002 -20"><span class='ocrx_word' id='word_1_310' title='bbox 437 3721 489 3764; x_wconf 72' lang='lat' dir='ltr'>et</span> <span class='ocrx_word' id='word_1_311' title='bbox 507 3712 786 3779; x_wconf 76' lang='lat' dir='ltr'>ignorantia</span> <span class='ocrx_word' id='word_1_312' title='bbox 803 3730 857 3769; x_wconf 83' lang='lat' dir='ltr'>se</span> <span class='ocrx_word' id='word_1_313' title='bbox 873 3714 1107 3767; x_wconf 81' lang='lat' dir='ltr'>ridendos</span> <span class='ocrx_word' id='word_1_314' title='bbox 1125 3714 1364 3784; x_wconf 69' lang='lat' dir='ltr'>probent.</span> <span class='ocrx_word' id='word_1_315' title='bbox 1380 3712 1543 3767; x_wconf 82' lang='lat' dir='ltr'>Nobis</span> <span class='ocrx_word' id='word_1_316' title='bbox 1558 3726 1723 3767; x_wconf 66' lang='lat' dir='ltr'>auum</span> <span class='ocrx_word' id='word_1_317' title='bbox 1736 3713 1939 3766; x_wconf 79' lang='lat' dir='ltr'>difficile</span> <span class='ocrx_word' id='word_1_318' title='bbox 1954 3714 2309 3767; x_wconf 73' lang='lat' dir='ltr'>admittendum</span> <span class='ocrx_word' id='word_1_319' title='bbox 2323 3716 2537 3782; x_wconf 76' lang='lat' dir='ltr'>videtur,</span> 
     </span>
     <span class='ocr_line' id='line_1_34' title="bbox 435 3798 2543 3872; baseline 0.003 -22"><span class='ocrx_word' id='word_1_320' title='bbox 435 3798 776 3853; x_wconf 72' lang='lat' dir='ltr'>commentitio</span> <span class='ocrx_word' id='word_1_321' title='bbox 799 3800 916 3853; x_wconf 83' lang='lat' dir='ltr'>huie</span> <span class='ocrx_word' id='word_1_322' title='bbox 931 3801 1158 3854; x_wconf 75' lang='lat' dir='ltr'>eouvivio</span> <span class='ocrx_word' id='word_1_323' title='bbox 1175 3804 1492 3855; x_wconf 64' lang='lat' dir='ltr'>umentem</span> <span class='ocrx_word' id='word_1_324' title='bbox 1518 3799 1579 3851; x_wconf 82' lang='lat' dir='ltr'>ab</span> <span class='ocrx_word' id='word_1_325' title='bbox 1606 3799 1815 3851; x_wconf 79' lang='lat' dir='ltr'>Horatio</span> <span class='ocrx_word' id='word_1_326' title='bbox 1838 3798 2113 3853; x_wconf 75' lang='lat' dir='ltr'>immixtum</span> <span class='ocrx_word' id='word_1_327' title='bbox 2135 3800 2315 3867; x_wconf 74' lang='lat' dir='ltr'>fuisse3</span> <span class='ocrx_word' id='word_1_328' title='bbox 2346 3804 2543 3872; x_wconf 75' lang='lat' dir='ltr'>potius-</span> 
     </span>
     <span class='ocr_line' id='line_1_35' title="bbox 437 3884 2543 3960; baseline 0.003 -21"><span class='ocrx_word' id='word_1_329' title='bbox 437 3901 534 3953; x_wconf 74' lang='lat' dir='ltr'>que</span> <span class='ocrx_word' id='word_1_330' title='bbox 557 3886 919 3943; x_wconf 71' lang='lat' dir='ltr'>arbitrabimur</span> <span class='ocrx_word' id='word_1_331' title='bbox 941 3904 1112 3960; x_wconf 74' lang='lat' dir='ltr'>revera</span> <span class='ocrx_word' id='word_1_332' title='bbox 1131 3886 1452 3943; x_wconf 68' lang='lat' dir='ltr'>Maeeeuatem</span> <span class='ocrx_word' id='word_1_333' title='bbox 1479 3886 1609 3956; x_wconf 79' lang='lat' dir='ltr'>apud</span> <span class='ocrx_word' id='word_1_334' title='bbox 1628 3884 1959 3939; x_wconf 77' lang='lat' dir='ltr'>Nasidieuum</span> <span class='ocrx_word' id='word_1_335' title='bbox 1978 3924 1995 3955; x_wconf 87' lang='lat'>,</span> <span class='ocrx_word' id='word_1_336' title='bbox 2026 3900 2113 3941; x_wconf 83' lang='lat' dir='ltr'>aut</span> <span class='ocrx_word' id='word_1_337' title='bbox 2140 3891 2362 3958; x_wconf 71' lang='lat' dir='ltr'>quemvis</span> <span class='ocrx_word' id='word_1_338' title='bbox 2390 3891 2543 3945; x_wconf 75' lang='lat' dir='ltr'>aliun</span> 
     </span>
     <span class='ocr_line' id='line_1_36' title="bbox 443 3972 2549 4047; baseline 0.003 -24"><span class='ocrx_word' id='word_1_339' title='bbox 443 3972 534 4023; x_wconf 82' lang='lat' dir='ltr'>sub</span> <span class='ocrx_word' id='word_1_340' title='bbox 566 3972 658 4026; x_wconf 82' lang='lat' dir='ltr'>hoe</span> <span class='ocrx_word' id='word_1_341' title='bbox 689 3975 894 4029; x_wconf 77' lang='lat' dir='ltr'>nomine</span> <span class='ocrx_word' id='word_1_342' title='bbox 917 4014 936 4042; x_wconf 84' lang='lat'>‚</span> <span class='ocrx_word' id='word_1_343' title='bbox 967 3991 1178 4029; x_wconf 82' lang='lat' dir='ltr'>eoenasse</span> <span class='ocrx_word' id='word_1_344' title='bbox 1197 4012 1212 4041; x_wconf 86' lang='lat'><strong>,</strong></span> <span class='ocrx_word' id='word_1_345' title='bbox 1249 3985 1304 4029; x_wconf 76' lang='lat' dir='ltr'>et</span> <span class='ocrx_word' id='word_1_346' title='bbox 1329 3975 1448 4027; x_wconf 77' lang='lat' dir='ltr'>hinc</span> <span class='ocrx_word' id='word_1_347' title='bbox 1487 3990 1714 4042; x_wconf 72' lang='lat' dir='ltr'>magnum</span> <span class='ocrx_word' id='word_1_348' title='bbox 1750 3972 1948 4031; x_wconf 74' lang='lat' dir='ltr'>toetliutn</span> <span class='ocrx_word' id='word_1_349' title='bbox 1986 3977 2273 4047; x_wconf 73' lang='lat' dir='ltr'>percepisse.</span> <span class='ocrx_word' id='word_1_350' title='bbox 2313 3976 2549 4031; x_wconf 79' lang='lat' dir='ltr'>Horatius</span> 
     </span>
    </p>
   </div>
  </div>
 </body>
</html>
