3000 4684
528 263 661 350 134

1088 267 1178 356 Q.
1229 269 1643 338 HORATII
1667 272 2040 341 -FLACCI

520 409 897 502 Imparibus
930 407 1163 476 formis
1196 407 1550 502 deceptum
1582 423 1888 510 tenpatet.
1924 381 2118 482 Esto&

2533 415 2612 472 30

520 525 724 595 Unde
757 523 988 595 datum
1026 527 1263 617 sentiS,
1296 525 1489 622 lupus
1525 527 1638 598 hic
1667 529 2055 622 Tiberinus,
2091 555 2178 600 an
2212 529 2350 604 alto

520 647 771 740 Captus
803 645 989 716 hiet?
1019 661 1347 740 pontesne
1378 647 1557 718 inter
1582 649 1866 742 jactatus
1885 705 1904 740 ,
1939 675 2028 720 an
2057 651 2272 721 amnis

521 765 715 833 Ostia
746 765 868 834 sub
894 765 1135 834 Tusci?
1170 764 1467 856 Laudas,
1499 769 1766 860 insane,
1802 769 2134 840 trilibrem

520 881 838 972 Mullum,
865 883 935 953 in
966 882 1228 979 singula
1256 909 1454 979 quem
1482 887 1746 960 minuas
1772 887 2118 983 pulmenta
2149 911 2415 960 necesse
2439 905 2564 968 esu,

519 1101 685 1146 tamen
727 1093 935 1148 vesoeris
978 1097 1131 1162 magis
1152 1134 1167 1162 ‚
1212 1096 1365 1149 mavis
1402 1100 1534 1150 venei

521 1193 667 1229 carne
688 1178 778 1230 har.
792 1215 805 1240 ‚
826 1195 894 1230 sc.
920 1179 1125 1247 pavonis
1138 1217 1152 1246 ,
1175 1195 1319 1249 qnam
1339 1178 1426 1231 illa
1445 1179 1536 1245 ‚id

518 1271 623 1324 est,
647 1277 792 1313 carne
816 1261 1009 1328 gallinae
1026 1301 1042 1328 ,
1066 1262 1289 1330 quamvis
1312 1263 1449 1330 prior
1468 1263 1535 1313 sit

522 1344 791 1410 posteriore
812 1345 954 1411 longe
979 1347 1133 1413 pejor.
1170 1345 1231 1397 In
1265 1363 1366 1415 quo
1398 1356 1534 1400 certe

523 1426 794 1500 imparibus
816 1427 988 1482 formis
1004 1429 1233 1497 deceptus
1253 1446 1324 1486 es.
1343 1429 1441 1481 En.
1463 1459 1538 1469 —

520 1509 1004 1582 Impar-ibusfhrmzk
1018 1549 1034 1572 ‚
1054 1512 1247 1565 diversa
1266 1514 1467 1582 pavonis
1485 1523 1536 1566 et

520 1595 715 1661 gallinae
734 1597 911 1660 forma,
932 1597 988 1649 h.
1011 1615 1061 1650 e.
1080 1607 1285 1656 externa
1302 1599 1482 1666 specie.

600 1692 687 1733 50.
714 1681 876 1734 Esto!
892 1682 959 1734 sit
980 1683 1070 1736 ita.
1092 1682 1187 1734 Sed
1205 1683 1414 1736 ulterius
1429 1700 1534 1750 pro·

519 1765 811 1832 grediuntur
840 1767 1081 1819 lautorum
1111 1766 1364 1838 epularum
1403 1767 1536 1818 aesti-

525 1860 735 1903 matures
750 1888 766 1916 ‚
788 1850 906 1902 dum
928 1851 992 1902 de
1014 1851 1211 1903 interna
1238 1868 1432 1921 quoque
1464 1851 1537 1903 ci-

519 1937 696 1988 borum
716 1935 937 1989 bonitate
954 1936 1205 1990 subtiliter
1216 1937 1537 2004 judicant.—

528 2019 679 2072 Unde
698 2020 871 2072 datum
893 2022 1067 2080 senus,
1090 2031 1185 2072 etc.
1214 2020 1377 2084 Unde,
1398 2038 1538 2090 φικ-

522 2123 578 2160 so
592 2144 609 2172 ‚
633 2104 728 2158 tibi
754 2107 897 2158 datus
922 2116 999 2158 est
1020 2107 1101 2157 hic
1122 2123 1265 2174 sapor
1283 2105 1533 2168 subtilior,

523 2202 583 2254 ut
609 2190 889 2254 discernere
916 2191 1070 2258 possis
1092 2190 1263 2257 lupum
1286 2191 1337 2242 in
1358 2189 1534 2242 Tiberi

521 2285 740 2343 captum,
758 2275 823 2327 ab
848 2291 907 2327 eo
922 2274 1009 2343 qui
1034 2274 1085 2325 in
1105 2274 1227 2325 mari
1246 2284 1413 2340 captus
1434 2271 1537 2324 sit?

524 2359 689 2414 Schol.
720 2357 879 2428 Cruq.
904 2377 933 2404 «ι
954 2356 1086 2408 unde
1106 2355 1254 2422 nosti,
1272 2372 1372 2424 quo
1390 2372 1538 2408 sensu

524 2445 739 2514 percipis
754 2481 771 2512 ‚
804 2443 939 2514 quod
976 2442 1071 2494 iste
1104 2440 1249 2509 lupus
1275 2440 1439 2508 potius
1464 2451 1541 2510 est

526 2528 747 2583 marinus
765 2565 780 2590 ‚
805 2543 953 2596 quam
990 2523 1277 2580 fluviatilis?
1316 2521 1417 2591 At,
1450 2525 1538 2594 qui

498 2625 509 2637 ⁴
528 2608 682 2679 palati
706 2609 978 2662 subtilitate
996 2608 1269 2677 gloriantur
1282 2645 1298 2670 ‚
1318 2607 1540 2660 melioris

528 2693 716 2760 saporis
734 2693 877 2743 aiunt
894 2709 999 2744 esse
1020 2693 1176 2762 pisces
1202 2691 1331 2756 iilos,
1355 2691 1441 2761 qui
1464 2709 1544 2743 ra-

532 2777 725 2848 pidiore
744 2778 873 2829 unda
892 2787 1197 2838 exercentur,
1216 2776 1547 2842 circumagun-

532 2869 633 2928 tur,
649 2880 797 2933 quam
814 2863 901 2932 qui
919 2863 1223 2928 languidiore
1244 2870 1544 2931 torpescunt3

535 2950 717 3002 idcireo
750 2949 984 2999 dicuntur
1020 2945 1126 3014 lupi
1155 2963 1263 2997 erse
1284 2945 1513 2997 meliores
1532 2982 1547 3006 ‚

534 3035 623 3104 qui
654 3037 787 3086 inter
816 3033 938 3083 duos
970 3040 1143 3098 pontes
1166 3027 1395 3097 (pontem
1424 3029 1552 3081 Mil-

536 3119 672 3170 vium
693 3126 745 3168 et
769 3113 1069 3180 Sublicium)
1086 3150 1099 3174 ‚
1124 3111 1211 3162 ubi
1234 3127 1359 3178 aqua
1380 3111 1550 3163 conci-

536 3203 951 3268 tatiorest‚quam
961 3197 1049 3265 qui
1070 3196 1123 3246 in
1138 3193 1547 3247 ostiisTiberis.»

536 3287 673 3340 Plio.
699 3284 792 3338 lib.
812 3283 915 3348 IX,
930 3298 977 3334 c.
1007 3289 1102 3332 tu:
1125 3298 1151 3326 (ι
1166 3278 1360 3346 quando
1381 3280 1551 3331 eadem

536 3369 831 3441 aquatilium
852 3381 1029 3432 genera
1049 3361 1207 3415 aliubi
1227 3372 1376 3430 atque
1394 3363 1552 3414 aliubi

542 3453 779 3506 meliora:
810 3453 935 3503 sicut
966 3449 1071 3519 lupi
1098 3448 1250 3516 pisces
1288 3447 1340 3498 in
1372 3446 1552 3499 Tiberi

544 3553 689 3591 amne
720 3536 851 3588 inter
880 3533 1002 3585 duos
1036 3541 1228 3600 pontes.
1256 3551 1281 3578 ι)
1312 3541 1365 3582 et
1387 3531 1547 3582 Lucil.

545 3619 582 3670 l.
596 3620 695 3682 IV,
708 3620 811 3672 Sat.
826 3621 951 3685 frag.
970 3629 1001 3669 4
1019 3636 1032 3668 ·.
1050 3635 1076 3663 α
1090 3615 1228 3668 illum
1248 3615 1443 3666 sumina
1458 3606 1555 3665 du‘-

541 3705 733 3764 cebant,
747 3716 892 3772 atque
906 3702 1116 3758 altilium
1132 3699 1265 3766 lanx,
1278 3699 1421 3752 Hunc
1433 3717 1553 3768 pon-

544 3797 620 3840 tes
632 3787 896 3840 Tiberinu'
911 3790 1009 3841 duo
1026 3788 1158 3840 inter
1172 3785 1554 3854 captu’catillo.n

547 3869 719 3920 Eu.—
732 3869 905 3938 lupus,
922 3887 1035 3923 nos:
1052 3890 1078 3919 t<
1096 3889 1171 3921 un
1186 3871 1307 3940 loup
1322 3870 1509 3921 marin.
1525 3889 1552 3917 n

549 3949 911 4020 Ena-Captus
930 3951 1051 4014 hiet,
1068 3954 1424 4018 significantius
1436 3971 1554 4023 pro:

1601 1109 1770 1171 eaptus
1792 1101 1858 1153 sit
1875 1120 1889 1169 3
1908 1117 2019 1154 nam
2039 1100 2194 1172 pisces
2207 1136 2224 1169 ‚
2245 1111 2302 1154 ut
2321 1101 2452 1170 capti
2475 1109 2613 1166 sunt,

1603 1185 1746 1237 hiare
1763 1195 1813 1237 et
1829 1185 2068 1254 palpitare
2081 1183 2258 1237 solent.
2274 1184 2616 1254 Eia—jacca,-

1605 1281 1705 1327 τω,
1727 1270 2012 1335 exagitatus.
2028 1297 2100 1306 --
2118 1268 2283 1319 amnis
2308 1265 2498 1330 Tusci,-
2519 1265 2614 1318 Ti·

1604 1351 1738 1403 beris
1761 1351 1954 1404 Tuscus
1981 1353 2186 1419 dicitur,
2222 1351 2340 1422 quia
2377 1370 2406 1404 e
2433 1350 2617 1403 Tuscia

1604 1433 1807 1502 profluit
1832 1434 1882 1486 in
1907 1451 2042 1486 mare
2058 1434 2393 1504 Thyri-enum.
2417 1435 2512 1486 En.

1688 1530 1774 1572 53.
1826 1517 2039 1570 Laudas
2052 1556 2070 1579 ‚
2115 1521 2296 1571 ἰηεαηε
2309 1556 2328 1580 ,
2374 1518 2618 1570 trilibrem

1606 1602 1864 1661 Mullum,
1889 1612 1983 1654 ete.
2010 1603 2162 1656 Poeta
2191 1603 2366 1654 transit
2396 1601 2455 1652 ad
2481 1601 2620 1652 aliud

1603 1703 1756 1754 genus
1809 1687 2017 1744 insaniae
2041 1724 2057 1754 ⁷
2100 1705 2198 1758 qun
2235 1687 2298 1739 ab
2336 1685 2620 1742 bominibus

1603 1770 1853 1824 luxuriose
1881 1781 1932 1823 et
1962 1773 2214 1839 magnifiee
2245 1770 2522 1823 viventibus
2545 1768 2621 1820 ci·-

1603 1857 1781 1916 borum
1799 1871 1994 1923 genera,
2007 1873 2114 1925 quae
2133 1855 2294 1907 rarius
2309 1854 2621 1922 proveniunt,

1607 1939 1866 2009 rariusque
1887 1939 2222 2005 inveniuntur,
2249 1939 2303 1989 in
2323 1955 2496 2004 magno
2515 1953 2626 2005 pre·-

1608 2027 1680 2080 tio
1710 2035 1994 2095 ponuntur;
2025 2034 2075 2076 at
2096 2022 2224 2090 alia,
2257 2023 2374 2076 licet
2399 2022 2624 2090 ejusdem

1607 2110 1816 2178 saporis,
1833 2107 1947 2178 quia
1966 2117 2079 2158 sunt
2101 2104 2336 2172 vulgaria,
2357 2107 2420 2156 ab
2444 2107 2625 2168 iisdem

1608 2202 2010 2256 contemnuntur3
2031 2190 2100 2242 sic
2117 2189 2311 2239 mullus
2339 2189 2444 2258 (qui
2473 2189 2630 2256 piscis

1609 2278 1740 2345 apud
1762 2294 1850 2329 nos
1872 2276 2051 2331 dieitur
2071 2293 2097 2320 α
2119 2274 2294 2338 mulet,
2315 2272 2559 2325 surrnulet
2579 2274 2628 2343 a»)

1609 2360 1690 2411 cui
1717 2371 1891 2411 natura
1929 2358 2169 2412 modicum
2203 2373 2378 2425 corpus
2411 2357 2628 2424 tribuit,

1609 2445 1654 2495 si
1669 2445 1734 2496 ad
1755 2462 1862 2497 eam
1883 2461 2039 2514 usque
2061 2443 2448 2514 magnitudinem
2469 2459 2630 2496 accre-

1609 2539 1764 2590 verat,
1789 2539 1846 2582 ut
1867 2539 1994 2582 esset
2009 2528 2239 2587 mmm,
2267 2527 2506 2580 immenso
2522 2544 2630 2596 pre·

1611 2612 1684 2665 tio
1700 2630 1730 2664 a
1747 2613 1984 2670 Romanis
2003 2612 2102 2664 emi
2124 2611 2312 2664 solebat
2339 2609 2456 2676 (vid.
2476 2609 2632 2664 Hein-

1611 2695 1766 2761 dorf.)
1788 2733 1802 2756 ‚
1828 2705 1880 2746 at
1911 2696 2097 2766 lupus,
2125 2694 2214 2762 qui
2249 2704 2424 2745 natura
2449 2710 2533 2744 sun
2557 2704 2636 2744 est

1609 2796 1857 2849 procerus
1880 2779 1953 2848 (b.
1981 2797 2027 2832 e.
2051 2779 2262 2846 longior)
2293 2788 2344 2830 et
2363 2777 2633 2845 grandioris

1618 2864 1847 2932 ponderis
1863 2899 1880 2930 ,
1915 2865 1979 2915 ab
2015 2864 2190 2916 iisdem
2223 2863 2630 2932 vilipendebatur.

1621 2946 1816 2998 Plinius
1840 2946 1913 2998 ait
1934 2947 2140 2998 mullum
2168 2947 2349 3015 piscem
2375 2946 2528 2998 fuisse
2545 2962 2636 3002 ex-

1620 3029 2000 3099 quisitissimum
2020 3066 2036 3096 ‚
2070 3046 2160 3081 nee
2193 3045 2356 3081 rarum
2393 3045 2544 3092 sane,
2569 3027 2637 3080 ita

1623 3126 1786 3167 autem
1808 3115 1893 3185 qui
1927 3116 2030 3167 fere
2063 3130 2314 3182 nunquam
2339 3114 2546 3164 duarum
2571 3113 2640 3164 li-

1623 3199 1822 3251 brarum
1845 3197 2034 3266 pondus
2053 3206 2325 3265 superaret,
2345 3195 2546 3262 subjicit
2571 3205 2638 3255 ta-

1623 3299 1738 3334 men
1773 3280 1890 3333 olim
1936 3281 1987 3331 in
2027 3280 2153 3331 mari
2185 3280 2357 3332 Rubro
2386 3279 2639 3330 inventum

1627 3365 1780 3417 fuisse
1808 3364 2016 3416 mullum
2048 3363 2326 3419 octilibrem
2349 3403 2362 3425 ,
2385 3371 2438 3414 et
2462 3370 2644 3430 quanto

1627 3449 1805 3517 preti0,
1823 3448 1910 3510 ait,
1931 3447 2247 3509 constitisset,
2269 3446 2312 3496 si
2333 3445 2383 3497 in
2404 3445 2549 3496 litone
2569 3461 2644 3494 ur-

1626 3530 1703 3582 bis
1743 3531 1966 3600 proximo
2005 3539 2173 3597 eaptus
2214 3526 2418 3580 suisset!
2455 3526 2550 3576 En.
2571 3553 2644 3564 --

1625 3617 1836 3675 insane,
1859 3614 2055 3667 Ofellus
2081 3612 2298 3681 appellat
2321 3613 2529 3681 aliquem
2557 3609 2644 3660 in-

1623 3701 1774 3753 saniae
1789 3739 1804 3766 ‚
1829 3700 1891 3752 de
1910 3715 2006 3768 qua
2023 3714 2185 3750 sermo
2211 3707 2287 3749 est
2309 3737 2327 3762 ,
2350 3703 2642 3748 consortem.

1627 3813 1699 3824 -—-
1715 3783 1928 3854 singula
1946 3783 2214 3853 pulmenta
2249 3780 2462 3849 explicat
2483 3777 2650 3830 Hein-

1627 3867 1811 3920 dorlitis
1828 3869 1891 3921 de
1916 3867 2122 3934 singulis
2150 3865 2347 3918 dissecti
2373 3863 2514 3917 mulli
2536 3879 2651 3931 par·-

1630 3951 1794 4018 tibus‚
1817 3951 1919 4004 sive
1948 3949 2120 4012 frustis
2137 3989 2153 4014 ,
2187 3964 2297 4018 quae'
2319 3949 2498 4018 cuique
2525 3965 2653 4002 con·
