3000 4684
1068 351 1255 420 Lm.
1308 353 1375 440 1,
1430 351 1622 423 su.
1677 355 1808 422 v1.

400 491 489 560 Et
520 515 741 560 comes
770 486 967 580 alter,
1002 491 1099 560 uti
1134 515 1219 562 ne
1252 489 1430 560 solus
1464 515 1660 562 rusve
1693 481 2056 590 peregreve

2407 383 2499 456 79

400 610 707 698 Exirem3
744 608 963 704 plures
994 607 1263 682 calones
1294 626 1497 705 atque
1531 609 1772 682 caballi

400 725 753 816 Pascendi3
791 727 1095 798 ducenda
1129 730 1479 823 petorrita.
1519 731 1716 810 Nunc
1749 731 1918 800 mihi
1950 747 2146 802 curto

398 847 509 914 Ire
540 843 697 916 licet
722 845 942 937 mulo,
975 845 1114 938 vel,
1148 850 1205 918 ai
1236 847 1437 938 libet,
1472 873 1680 946 usque
1712 851 2114 942 Tarentum,

2387 853 2498 911 105

400 965 697 1034 Mantica
723 965 831 1034 cui
856 963 1119 1036 lumbos
1150 989 1361 1038 onere
1388 966 1670 1058 ulceret,
1702 983 1903 1064 atque
1931 995 2132 1064 eques
2154 996 2398 1044 armos.

400 1080 689 1175 objiciet
722 1109 923 1153 nemo
954 1085 1183 1156 sordes
1218 1086 1421 1178 mihi,
1456 1111 1624 1182 quas
1657 1087 1781 1157 tibi
1798 1140 1817 1175 ,
1852 1086 2066 1178 Tulli,

400 1200 627 1288 Quum
658 1203 939 1274 Tiburte
972 1207 1079 1274 via
1115 1220 1470 1301 praetorem
1505 1207 1802 1300 quinque
1837 1223 2206 1302 sequuntur

402 1319 497 1391 Te
528 1323 753 1415 pueri,
789 1320 1091 1394 lasanum
1124 1339 1473 1420 portantes
1507 1325 2105 1420 oenophorumque.

402 1439 549 1508 Hoc
578 1465 706 1536 ego
739 1443 1154 1514 commodius
1172 1498 1191 1533 ,
1228 1469 1430 1538 quam
1466 1438 1542 1513 ω’
1559 1497 1580 1534 ,
1611 1441 1930 1538 praeclare
1965 1459 2264 1532 senator,

2393 1465 2502 1502 110

400 1556 703 1630 Millibus
736 1578 935 1657 atque
968 1563 1116 1634 aliis
1150 1564 1345 1667 viyo:
1384 1587 1800 1660 quacumque
1832 1562 2044 1634 libido
2080 1582 2216 1656 est,

400 1679 652 1747 Incedo
688 1679 903 1750 solus:
936 1696 1340 1775 percontor,
1372 1682 1608 1777 quanti
1643 1680 1788 1752 olus
1805 1734 1824 1773 ,
1861 1707 1940 1751 ac
1973 1681 2112 1760 far:

400 1794 738 1867 Fallaeem
770 1798 1025 1868 circum
1042 1851 1062 1885 ,
1094 1801 1688 1895 vespertinumque
1726 1824 2005 1894 pererro

398 1997 669 2049 comitibus
702 1994 945 2050 incedere.
988 1999 1085 2050 En.
1110 2028 1181 2038 —
1203 2017 1328 2059 rue,
1368 2001 1422 2052 in

398 2081 737 2134 suburbanam
758 2081 945 2134 vinam.
964 2111 1036 2120 —
1048 2099 1292 2152 peregre,
1316 2083 1419 2135 lon·-

400 2166 635 2235 ginquum
662 2166 759 2218 iter
773 2174 1102 2233 sumpturus.
1129 2165 1227 2216 En.
1244 2193 1317 2204 --
1331 2182 1417 2217 ca-

404 2252 573 2312 lones,
602 2250 671 2304 cf.
706 2266 845 2319 supr.
869 2250 931 2301 ad
954 2249 1057 2302 Sat.
1084 2249 1135 2312 Ι,
1160 2267 1214 2317 a,
1238 2259 1326 2301 44.
1344 2279 1417 2288 -

398 2333 639 2406 petam-ita
653 2371 670 2394 ,
690 2334 913 2387 vehicula
935 2333 1039 2385 sive
1058 2341 1287 2402 carpenta
1304 2367 1321 2400 ‚
1336 2332 1414 2384 vel

407 2421 569 2472 rheda
587 2417 806 2471 Gallicae.
822 2446 893 2456 —
907 2414 1151 2468 ducenda
1163 2450 1184 2477 ,
1211 2433 1280 2468 sc.
1306 2431 1415 2466 me-

406 2517 533 2562 mm,
548 2511 605 2552 ut
620 2501 764 2570 paulo
781 2511 897 2553 ante
914 2487 1187 2552 ducendus
1205 2511 1256 2550 et
1275 2516 1418 2550 unus

408 2583 485 2635 Ea
510 2600 673 2636 eomes
690 2585 819 2635 alter·
824 2602 845 2650 ,·
871 2585 923 2635 in
942 2585 1160 2637 editione
1173 2581 1419 2638 Heindor-

410 2669 541 2720 flaua
572 2659 751 2735 legitur
772 2665 1022 2734 ducenta,
1047 2685 1309 2738 operarum
1326 2707 1342 2737 ,
1363 2677 1421 2720 ut

410 2751 623 2818 videtur,
644 2767 827 2804 errore.

484 2845 607 2886 10⁴.
646 2834 801 2886 Curta
843 2836 980 2888 mulo
994 2872 1013 2896 ‚
1053 2835 1216 2888 schol.
1258 2835 1412 2906 Cmq.

416 2937 443 2965 ι
458 2919 593 2971 mulo
610 2920 760 2971 cauda
778 2931 939 2981 curta3
958 2941 987 2968 ι»
1007 2920 1071 2972 ali
1078 2921 1093 2971 i
1114 2937 1205 2988 per
1219 2921 1420 2972 mulum

410 3015 617 3054 curtum
664 3001 944 3069 intelligunt
986 3003 1174 3056 mulum
1207 3003 1339 3054 curti
1371 3013 1423 3054 et

411 3085 575 3154 exigui
622 3089 855 3156 eorporis.
900 3087 1132 3140 Ceterum
1182 3104 1247 3139 ne
1297 3103 1423 3156 equo

409 3173 605 3240 quidem
652 3190 705 3224 ee
752 3173 825 3225 uti
869 3173 993 3224 dicit
1024 3172 1263 3224 Horatius
1284 3207 1299 3238 ,
1338 3171 1423 3222 sed

412 3257 567 3319 mulo,
587 3259 675 3327 qui
705 3259 863 3310 multo
887 3256 1033 3308 vilior
1050 3265 1177 3308 erat.
1196 3255 1343 3306 Unde
1362 3255 1423 3306 ad

411 3339 585 3390 Petum
620 3339 793 3392 Cicero
828 3341 993 3408 Epist.
1033 3340 1125 3392 lib.
1168 3327 1279 3404 fx,
1320 3347 1417 3388 18:

417 3439 445 3468 κ
464 3431 599 3488 potes
617 3423 747 3474 mulo'
764 3425 878 3484 isto,
894 3441 1040 3493 quem
1064 3424 1155 3476 tibi
1177 3423 1423 3491 reliquum

413 3503 541 3556 dicis
572 3521 707 3568 esse,
738 3523 889 3574 quum
924 3507 1230 3558 cantherium
1258 3521 1425 3556 come-

413 3586 551 3658 disti,
574 3585 775 3642 Romam
796 3591 1014 3658 pervehi.
1041 3611 1067 3640 n
1086 3589 1252 3640 En.-
1263 3589 1425 3640 Man-

412 3671 548 3731 t'ica,
576 3689 695 3742 pera
716 3710 730 3738 ,
760 3675 967 3726 sarcina.
993 3671 1156 3726 Schol.
1178 3673 1422 3743 Porphyr.

418 3775 445 3804 ι
466 3757 558 3810 boc
588 3751 652 3808 ei
680 3755 935 3810 Luciliano
968 3756 1054 3809 illo
1082 3767 1295 3808 sumtum
1318 3767 1422 3809 est:

416 3839 647 3893 Mantim
691 3837 952 3892 cantherii
989 3853 1150 3894 costas
1180 3841 1429 3910 gravitate

412 3921 683 3993 premebat.
710 3945 737 3974 υ
758 3923 865 3978 Hoc
889 3925 1073 3978 scilicet
1096 3923 1325 3994 pauperis
1347 3934 1433 3976 aut

422 4009 619 4062 modesti
653 4011 873 4062 hominis
894 4021 968 4062 est
993 4027 1091 4062 non
1110 4011 1295 4062 habere
1312 4009 1436 4064 duos

422 4093 600 4160 muloe3
623 4091 831 4144 alterum
848 4094 969 4156 sibi,
990 4093 1197 4146 alterum
1212 4089 1436 4156 samium

1493 2001 1607 2053 ideo
1625 2000 1808 2052 Seneca
1830 1999 1992 2070 Epist.
2021 2009 2086 2052 88
2111 2017 2124 2050 ε
2151 2017 2177 2046 e«
2199 1997 2246 2050 0
2268 2008 2503 2067 quantum

1489 2094 1598 2136 erat
1614 2083 1777 2136 saeculi
1793 2083 1941 2136 decus
1959 2083 2319 2152 imperatorem,
2335 2083 2486 2136 trium
2497 2111 2510 2124 ·

1487 2168 1683 2236 phalem
1704 2207 1718 2231 ‚
1739 2167 2066 2221 Censorinum
2083 2205 2099 2234 ,
2119 2177 2171 2220 et
2193 2167 2326 2237 quod
2359 2185 2509 2238 nuper

1484 2251 1654 2303 omnia
1671 2253 1774 2305 haec
1796 2261 1873 2304 est
1890 2289 1906 2314 ,
1927 2251 2165 2306 Catonem
2189 2270 2289 2304 uno
2317 2253 2508 2308 cabalio

1484 2352 1593 2387 esse
1624 2346 1907 2390 contentum
1924 2375 1940 2404 ,
1975 2353 2032 2390 ac
2063 2353 2127 2388 ne
2149 2345 2252 2390 toto
2267 2338 2468 2407 quidem
2485 2357 2504 2406 3

1486 2430 1676 2488 partem
1695 2421 1831 2474 enim
1844 2421 2046 2474 sarcina
2062 2423 2126 2474 ab
2137 2433 2346 2492 utroque
2357 2421 2510 2474 latere

1486 2502 1817 2573 dependentes
1836 2493 2153 2574 occupabant.
2173 2525 2200 2553 a
2219 2503 2510 2556 lem—sor·-
2591 2569 2596 2572 Ι

1486 2581 1578 2636 des
1592 2622 1613 2647 ,
1644 2585 1890 2639 sordidam
1921 2589 2272 2640 avaritiam.—
2290 2585 2510 2639 Tibur-te

1488 2667 1610 2728 via,
1637 2685 1666 2718 a
1685 2679 1828 2736 porta
1850 2667 2112 2738 Esquilina
2139 2670 2193 2722 in
2218 2669 2384 2722 villam
2404 2669 2505 2723 Ti-

1490 2753 1740 2804 burtinam
1767 2751 1992 2819 praetoris
2011 2749 2236 2803 ducente.
2255 2781 2326 2790 -—
2340 2753 2507 2824 quin-

1490 2851 1596 2906 que
1608 2870 1626 2894 ,
1651 2834 1801 2884 nimiu
1825 2833 1965 2900 pauci
1989 2849 2082 2899 pro
2103 2834 2326 2900 praetoris
2343 2833 2513 2899 digni-

1493 2926 1692 2968 tate.-—
1709 2915 1969 2972 lasanum,
2000 2911 2163 2963 Schol.
2181 2931 2206 2958 κ
2223 2928 2322 2978 vas,
2343 2915 2394 2964 in
2413 2931 2512 2982 quo

1492 3009 1792 3052 exoneratur
1817 3005 2005 3048 venter.
2035 3015 2062 3044 ι»
2085 3023 2155 3034 —-
2182 2995 2511 3064 oenophorurh

1494 3079 1771 3153 (o'rvoep6pov,
1790 3098 1856 3133 sc.
1873 3081 2078 3146 σκεῦος),
2095 3079 2276 3144 corbis,
2294 3079 2370 3130 vel
2390 3079 2511 3132 cista

1493 3168 1603 3220 vini
1620 3165 1872 3237 amphoris
1890 3164 2144 3235 portandis
2162 3163 2452 3216 inserviens.

1572 3265 1593 3304 ι
1609 3264 1692 3304 10.
1719 3253 1849 3310 Hoc,
1868 3251 1934 3304 ob
1953 3250 2045 3304 hoc
2065 3247 2274 3316 simplex
2293 3247 2406 3299 vitoe
2424 3263 2510 3316 ge·

1496 3355 1621 3398 nu83
1649 3339 1714 3389 es.
1737 3337 1798 3389 ad
1823 3355 1873 3388 v.
1896 3347 1957 3388 ⁴¹
1973 3375 1984 3386 .
2003 3364 2072 3374 -—
2093 3332 2335 3385 Millibus
2355 3345 2512 3406 atque
2613 3363 2622 3368 -

1496 3421 1648 3496 αἱίξε,
1677 3419 1728 3472 id
1754 3431 1860 3488 est,
1881 3418 2181 3472 commodius
2207 3433 2354 3486 quam
2379 3397 2517 3469 mille

1497 3499 1604 3554 alii.
1629 3503 1900 3556 Lambinus
1920 3501 2045 3554 male
2064 3501 2292 3552 emendat
2316 3499 2509 3552 multis.

1496 3587 1668 3638 En.-·
1691 3589 2036 3664 Quacumque
2069 3583 2222 3636 libido
2249 3596 2350 3640 est,
2385 3601 2516 3653 quo-

1496 3689 1702 3742 cumque
1721 3671 1865 3724 libet.
1893 3671 1988 3721 En.
2005 3697 2074 3708 -—-
2089 3669 2250 3726 solus,
2272 3667 2408 3720 nullo
2424 3685 2511 3722 eo-

1498 3756 1676 3806 mitatu
1715 3753 1997 3833 impefiitus.
2035 3749 2132 3802 En.
2160 3781 2228 3789 ——-
2250 3766 2520 3824 percontor·

1495 3839 1688 3910 quanti
1705 3838 1851 3895 olus,
1881 3833 2074 3906 ιιι-[αις.
2098 3835 2162 3886 de
2191 3853 2322 3888 more
2343 3855 2512 3889 eorum

1503 3921 1591 3992 qui
1609 3920 1756 3972 otiosi
1771 3919 2027 3972 ambulant
2040 3957 2054 3981 ‚
2073 3923 2323 3974 autetiam
2345 3923 2404 3975 ad
2421 3923 2516 3975 do·-

1509 4004 1702 4056 moetici
1728 4013 1915 4058 sumtus
1937 4003 2222 4058 utilitatem.
2243 4005 2340 4058 En.

1589 4101 1709 4141 uz.
1749 4088 2006 4141 Fallacem
2025 4089 2150 4141 οἰκ.
2181 4090 2344 4142 Schol.
2369 4089 2520 4166 Crug.
