3000 4684
1130 384 1311 450 Lm.
1368 384 1474 470 11,
1529 383 1716 450 sAT.
1771 383 1863 447 1-1.
1969 352 1997 375 ““

468 523 677 594 Ducit
708 537 771 591 te
803 521 1089 616 specieS,
1125 517 1357 608 video;
1394 544 1532 614 quo
1563 520 1854 613 pertinet
1886 543 2048 614 ergo

468 644 787 711 Proceros
818 638 1035 710 odisse
1069 635 1304 734 lupos?
1337 637 1518 727 Quia
1550 634 1802 708 scilicet
1835 634 1964 706 illis

467 761 795 856 Majorem
829 773 1069 830 natura
1102 755 1377 828 modum
1416 753 1638 846 dedit,
1674 753 1786 825 his
1817 755 2018 824 breve
2053 754 2333 850 pondus.

466 879 737 973 Jejunus
771 901 927 947 raro
962 875 1340 946 stomachus
1373 873 1675 970 vulgaria
1711 877 1968 945 temnit.

471 1027 505 1063 α
530 999 921 1086 Porrectum
955 1019 1554 1091 magno-magnum
1587 1009 1894 1090 spectare
1927 997 2166 1066 catino.

478 1113 764 1208 Vellem,
786 1145 822 1181 υ
854 1115 949 1185 ait
979 1114 1295 1210 Harpyiis
1326 1113 1477 1210 gula
1509 1112 1709 1210 digna
1740 1114 2115 1210 rapacibus.
2148 1115 2238 1184 At
2266 1137 2380 1182 vos

2481 1119 2554 1178 40

471 1237 865 1324 Prfesentes,
895 1235 1153 1323 Austri,
1184 1233 1449 1328 coquite
1474 1230 1724 1304 horum
1753 1230 2066 1303 obsonia!
2096 1232 2498 1325 Quanquam

472 1415 589 1466 vivae
604 1413 979 1478 offen-chamum
1002 1415 1089 1470 sed
1114 1416 1243 1468 banc
1272 1415 1487 1484 explica-

471 1499 655 1551 tionem
674 1517 773 1553 non
788 1500 1008 1552 admittit
1020 1517 1114 1552 vox
1126 1499 1453 1571 pulmentum
1467 1521 1485 1549 .-

420 1615 425 1620 -
476 1597 590 1633 nam
616 1599 709 1651 per
726 1583 996 1652 pubnenta
1028 1581 1377 1648 intelliguntur
1394 1581 1491 1633 ob·-

471 1665 629 1730 sonia,
646 1682 709 1718 ex
724 1681 873 1717 carne
890 1681 998 1716 assa
1013 1664 1253 1726 velelixa,
1266 1681 1327 1715 ex
1341 1661 1489 1732 pisci-

472 1745 569 1797 bus
599 1755 657 1798 et
692 1744 808 1797 aliis
838 1746 1061 1797 ciborum
1085 1747 1345 1811 generibus
1367 1763 1487 1797 con-

477 1831 638 1893 fecta3
670 1829 738 1880 cf.
759 1845 898 1896 supr.
918 1829 981 1880 ad
1002 1847 1053 1879 ν.
1084 1839 1171 1880 20.
1210 1829 1383 1880 Potius
1407 1829 1490 1880 in-

478 1913 695 1978 telligam
724 1912 928 1964 mullum
966 1911 1216 1964 trilibrem
1244 1913 1296 1966 in
1326 1913 1494 1980 singu-

477 1995 551 2047 las
576 1995 705 2048 offas
738 2012 767 2047 a
800 1997 1113 2048 convivatore
1145 1995 1488 2061 dividendum,

474 2079 661 2148 quippe
679 2079 766 2146 qui
788 2079 947 2146 major
976 2079 1043 2130 sit
1067 2079 1155 2148 qui
1182 2079 1235 2131 in
1254 2095 1355 2132 una
1372 2097 1491 2133 con-

475 2165 713 2216 tineatur.
744 2163 841 2215 En.
865 2165 1146 2223 —Ducit,
1184 2163 1371 2231 trabit,
1402 2183 1490 2216 ca-

476 2247 570 2317 pit,
596 2247 805 2310 inducit,
824 2245 1330 2317 decipit.-—spec1'es,
1356 2245 1491 2298 illius

479 2334 619 2402 piscis
645 2333 948 2402 magnitudo.
984 2333 1081 2385 En.
1108 2363 1177 2374 -
1194 2351 1299 2407 quo
1323 2335 1490 2404 ρον-ιι·-

479 2431 578 2471 net.
590 2455 624 2470 ..
646 2417 828 2488 lupos?
842 2417 967 2487 quid
985 2417 1137 2484 igitur
1158 2419 1211 2468 in
1228 2433 1374 2471 causa
1392 2429 1485 2482 est,

480 2501 609 2570 qnod
628 2501 757 2553 nibil
787 2517 927 2553 curas
960 2499 1237 2567 grandioris
1268 2500 1489 2569 corporis

481 2580 657 2650 lupos?
686 2581 891 2654 Ofellus
908 2585 1017 2652 ipse
1042 2582 1337 2652 respondet:
1360 2584 1489 2653 quia

483 2665 707 2725 scilibet,
728 2677 820 2719 etc.
846 2668 965 2737 quia
989 2677 1165 2718 natura
1182 2652 1359 2718 mullis
1378 2684 1489 2718 mo-

482 2748 645 2800 dicum
662 2757 867 2816 tantum,
886 2749 1025 2820 lupis
1039 2766 1156 2802 vero
1170 2747 1343 2816 corpus
1357 2763 1492 2816 gran-

481 2832 595 2884 dius
612 2832 781 2897 dedit3
812 2833 915 2884 baec
935 2832 1119 2884 scilicet
1136 2843 1211 2885 est
1226 2849 1387 2898 causa,
1405 2849 1493 2884 cur

482 2915 758 2967 stomachus
788 2913 1020 2966 ditiorum
1037 2953 1055 2983 ‚
1085 2915 1173 2986 qni
1199 2931 1317 2966 mm
1327 2916 1494 2986 jeju-

484 3017 590 3050 nus
620 2999 678 3049 fit
709 2997 855 3068 (ram
887 2999 1105 3064 esurit),
1124 2998 1345 3066 vulgaria
1374 3015 1494 3052 con-

484 3091 689 3134 temnat.
736 3080 1053 3134 Heindorlius
1094 3099 1185 3150 pro
1207 3101 1221 3132 z
1264 3097 1385 3133 ram
1416 3080 1495 3133 vel

480 3182 598 3218 mre
632 3165 849 3217 malebat
868 3182 979 3217 cum
1004 3164 1169 3218 Schol.
1196 3162 1314 3217 Acr.
1350 3163 1491 3223 νυνί,

480 3251 683 3316 scilicet,
706 3260 764 3302 nt
774 3251 1015 3322 jejunus
1033 3249 1149 3300 rari
1155 3249 1258 3316 jam
1283 3249 1381 3300 sit:
1404 3264 1493 3298 cu-

482 3336 627 3402 pidus
653 3335 787 3402 rari,
806 3334 959 3387 allato
976 3332 1201 3402 exemplo
1221 3349 1282 3384 ex
1300 3331 1331 3383 J
1335 3331 1489 3382 nstin.

484 3416 809 3480 xxxvm,
843 3427 873 3468 ο
896 3434 909 3466 =
943 3435 971 3463 α
991 3417 1181 3468 animos
1209 3414 1495 3466 divitiarum

486 3502 651 3556 avidos
674 3517 731 3553 ac
749 3502 943 3569 jejunos
958 3501 1175 3568 babere3
1196 3523 1223 3549 ι»
1245 3499 1388 3552 modo
1404 3499 1499 3550 hoc

484 3585 761 3655 exemplum
798 3603 895 3639 non
931 3603 994 3638 ex
1032 3586 1269 3654 scriptore
1294 3584 1497 3638 serioris

483 3670 643 3724 oetatis
682 3669 891 3738 petitum
930 3679 1095 3736 esset3
1137 3679 1372 3737 praterea
1394 3669 1497 3720 haec

480 3757 628 3811 lectio
643 3756 706 3808 ad
723 3771 923 3807 sensum
944 3753 1109 3806 minus
1125 3752 1271 3806 valet.
1288 3752 1495 3803 -vub-

482 3843 629 3912 gan'a
643 3878 662 3902 ,
690 3857 974 3892 communes
993 3839 1129 3891 cibos
1156 3877 1170 3900 ,
1195 3835 1364 3906 quales
1382 3845 1498 3888 sunt

1557 1417 1668 1467 dem
1708 1415 1816 1484 ipse
1848 1415 2020 1469 vellem
2053 1415 2209 1469 oculis
2242 1415 2366 1468 meis
2397 1412 2562 1465 metiri

1559 1515 1701 1567 posse
1723 1497 1926 1551 mullum
1949 1515 2178 1566 magnum
2205 1498 2258 1551 in
2287 1514 2460 1564 magno
2479 1513 2551 1549 ca-

1563 1583 1670 1635 tino
1705 1591 1978 1650 porrectum
2003 1603 2032 1632 s
2065 1583 2230 1636 dicere
2263 1583 2387 1634 solet
2421 1583 2570 1633 bomo

1559 1665 1754 1734 gtilosus
1769 1703 1784 1727 ‚
1811 1667 2096 1719 monstrosis
2115 1667 2225 1718 istis
2243 1675 2294 1717 et
2311 1665 2566 1734 rapacibus

1559 1749 1748 1814 avibus,
1761 1749 2015 1817 Harpyiis,
2033 1741 2423 1818 equiparaudus.
2436 1747 2566 1799 Nota

1561 1831 1710 1897 hujus
1727 1848 1894 1882 venus
1917 1841 2003 1893 30,
2022 1831 2264 1899 spondeis
2285 1831 2570 1892 constantis,

1563 1913 1752 1966 lentum
1784 1929 1840 1965 ac
1859 1929 2050 1980 gravem
2076 1913 2314 1965 incessum
2332 1948 2347 1975 ‚
2364 1929 2462 1980 quo
2477 1929 2570 1979 ap·-

1564 1998 1726 2067 prime
1758 1997 2058 2065 significatur
2093 1996 2245 2066 piscis
2281 1996 2428 2049 latam
2460 1996 2572 2048 lon·

1561 2099 1766 2152 gamque
1783 2092 2038 2134 staturam.
2067 2081 2401 2152 Flu—gula,
2427 2083 2574 2134 homo

1559 2165 1773 2233 gulosus,
1793 2183 1920 2242 unus
1941 2167 2076 2218 inter
2095 2185 2122 2212 ιι
2144 2181 2367 2233 proceres
2382 2165 2523 2231 gulae,
2539 2185 2565 2212 a»

1563 2259 1620 2301 ut
1633 2267 1715 2303 eos
1735 2261 1870 2302 vocat
1883 2249 2097 2302 Plinius.
2121 2249 2566 2318 Eue-Harpyiis,

1561 2333 1624 2385 de
1656 2333 1782 2386 foeda
1813 2331 2138 2404 Harpyiarum
2165 2333 2352 2400 forma,
2384 2334 2569 2386 voraci-

1564 2429 1664 2471 tate
1698 2427 1748 2471 et
1787 2420 2051 2487 rapacitate
2082 2428 2159 2471 est
2189 2418 2324 2470 locus
2345 2418 2572 2471 classicus

1561 2501 1688 2570 apud
1704 2499 1853 2568 Vin-g.
1880 2499 1997 2553 AEn.
2035 2502 2118 2552 111
2139 2541 2154 2567 ,
2190 2513 2294 2555 219
2323 2519 2459 2571 seqq.
2487 2502 2574 2553 ubi

1560 2586 1730 2639 confer
1768 2586 1972 2638 Excurs.
2015 2586 2198 2656 Reynii
2237 2585 2365 2638 vn.
2407 2615 2478 2626 -
2505 2587 2578 2636 Ac

1561 2685 1656 2720 vos
1678 2684 1990 2738 praesentes,
2017 2669 2203 2721 Auso-1·
2209 2705 2228 2730 ,
2255 2679 2349 2720 etc.
2385 2670 2537 2722 Poeta
2559 2708 2573 2730 ,

1564 2748 1618 2802 in
1635 2751 1824 2817 gulosos
1843 2751 1978 2812 istos,
1991 2750 2117 2801 cibis
2132 2750 2437 2816 simplicibus
2451 2769 2578 2802 nun-

1563 2851 1710 2904 quam
1731 2841 1986 2884 contentos
2017 2831 2298 2898 indignatus
2311 2869 2330 2900 ‚
2352 2845 2524 2887 ventos
2545 2853 2574 2886 a

1567 2915 1778 2970 meridie
1809 2917 1984 2967 flantes
2016 2915 2233 2981 invocat,
2255 2928 2576 2986 precaturque

1568 3009 1626 3051 ut
1647 2997 1838 3050 insanis
1859 2996 1962 3048 illis
1983 2997 2338 3066 cupiditatibus
2357 3001 2572 3052 obstent.

1567 3082 1638 3136 At
1657 3099 1755 3144 vos,
1773 3083 1862 3144 ait,
1879 3080 2075 3148 Austri,
2090 3082 2275 3148 adeste,
2289 3093 2341 3134 et
2353 3085 2402 3134 vi
2418 3097 2578 3137 vestra

1567 3167 1900 3221 efficacissima
1926 3168 2100 3220 horum
2121 3165 2375 3219 hominum
2391 3169 2581 3235 guloso·

1569 3265 1677 3302 rum
1698 3250 1900 3303 obsonia
1923 3250 2234 3318 putrefacite‚
2257 3251 2576 3321 corrumpite,

1569 3335 1756 3392 vitiate.
1780 3335 1954 3387 Austri
1973 3333 2181 3396 scilicet,
2206 3341 2262 3384 ut
2277 3333 2412 3386 venti
2431 3337 2579 3387 meri·-

1567 3417 1724 3480 diani‚
1737 3435 1858 3472 aura
1874 3427 2080 3472 oestuosa
2094 3435 2150 3470 ac
2165 3417 2424 3486 pestilente
2441 3419 2576 3472 flant.

1568 3501 1661 3554 En.
1683 3531 1752 3541 —
1777 3503 2005 3573 coquite,
2030 3502 2348 3569 corrumpite.
2387 3501 2574 3556 Eodem

1567 3587 1671 3639 fere
1691 3603 1838 3638 sensu
1865 3585 2091 3654 Propert.
2118 3584 2209 3636 lib.
2231 3583 2331 3649 IV,
2349 3602 2500 3637 carm.
2527 3600 2578 3654 Β,
2639 3613 2648 3628 ·

1567 3688 1616 3719 v.
1640 3678 1706 3721 89
1722 3685 1735 3718 :
1750 3687 1776 3716 α
1791 3668 1893 3720 vidi
1914 3683 2002 3734 ego
2018 3666 2208 3718 odorati
2230 3665 2416 3720 victura
2439 3687 2577 3724 rosa-

1571 3751 1646 3805 ria
1671 3750 1820 3802 Passsti
1846 3749 1950 3800 Sub
1983 3747 2224 3801 matutino
2248 3761 2384 3803 ‘cocta
2414 3753 2578 3821 Jacero

1573 3841 1706 3884 noto.
1725 3851 1752 3878 ι»
1773 3829 2250 3892 En.—-Proesenoes,
2275 3835 2396 3887 meis
2416 3841 2574 3905 preci-

486 3925 624 3992 vutgo
637 3943 666 3978 a
679 3935 857 3978 natura
869 3923 1153 3992 comparati,
1164 3921 1303 3973 mulli
1316 3923 1504 3974 scilicet
1571 3919 1664 3970 bus
1683 3915 1910 3967 faventes.
1931 3913 2100 3964 En.—
2110 3913 2304 3977 borum,
2325 3936 2434 3971 cum
2455 3921 2578 3973 vitet

488 4008 643 4073 parvi,
659 4006 765 4076 lupi
786 4019 949 4058 autem
966 4009 1127 4074 magni
1142 4005 1378 4074 corporis.
1398 4005 1495 4056 En.

562 4101 648 4144 59.
670 4091 969 4141 Por-rectum
988 4107 1195 4156 magno,
1204 4097 1295 4139 etc.
1312 4105 1337 4134 α
1350 4087 1497 4155 Equi-

1574 3999 1906 4067 indignationc
1929 3999 2132 4053 dictum.
2165 3999 2258 4053 En.

1672 4094 1758 4135 n.
1813 4083 2124 4154 Quanquam
2173 4085 2320 4136 Putet
2337 4121 2352 4144 ‚
2403 4087 2580 4138 {estiva

2225 4177 2296 4269 9.
