3000 4684
495 347 604 414 xiv
831 349 962 416 DE
1009 346 1446 416 ORIGINE
1493 347 1614 414 ET
1660 347 2244 416 PROGRESSU

489 482 720 580 ipsius
731 481 1254 554 etiamHomeri
1267 479 1702 579 exemplum,
1718 479 1795 553 id
1815 480 1953 554 sibi
1964 482 2147 578 juris
2162 477 2573 578 sumpserit,

491 612 573 669 ut
626 596 836 696 plura
885 599 1292 672 carminum
1343 619 1606 693 genera
1628 651 1649 688 ,
1704 595 2029 670 confusis
2084 596 2575 680 hexametris,

491 711 857 800 iambicis,
886 719 1227 788 m‘metris·
1245 729 1320 788 et
1353 720 1791 788 tetrametrzls·
1818 713 2233 800 trochaicis,
2268 709 2574 786 commi-

488 845 750 924 sceret,
781 846 860 908 ut
886 857 974 908 ex
1001 833 1416 929 fragmentis
1433 889 1454 926 ,
1481 857 1643 932 quae
1676 850 2099 933 supersunt,
2128 832 2299 906 satis
2324 829 2576 926 liquet.

586 949 866 1024 Videtis
907 965 1486 1028 tetrametrorum
1530 953 1944 1052 exemplum
1982 951 2077 1026 ab
2120 949 2305 1024 Aulo
2340 945 2579 1022 Gellio

492 1083 1028 1162 conservatum,
1065 1067 1370 1168 dignum
1411 1095 1619 1161 sane,
1654 1070 1857 1168 quod
1896 1069 1997 1143 ob
2041 1069 2375 1142 eximiam
2410 1061 2575 1163 pul-

493 1185 982 1262 chritudinem
1013 1187 1134 1262 hic
1165 1203 1601 1288 reponatur:

646 1345 776 1403 Hoc
801 1345 911 1403 erit
934 1345 1040 1404 tibi
1063 1357 1468 1423 argumentum
1491 1365 1721 1424 semper
1744 1347 1805 1403 in
1832 1354 2109 1422 promptu
2134 1343 2305 1402 sitmn
2318 1379 2337 1409 ,

654 1445 742 1503 Ne
766 1446 910 1520 quid
935 1457 1222 1524 exspectes
1245 1445 1488 1518 amicos,
1512 1447 1675 1522 quod
1702 1457 1823 1504 tute
1848 1464 2017 1524 agere
2042 1443 2239 1521 possis.

584 1602 1229 1674 Annumeraverim
1261 1620 1481 1700 porro
1514 1603 1733 1674 Ennii
1760 1605 2017 1675 Satiris·
2047 1597 2349 1670 alteram
2386 1591 2583 1665 illam

495 1715 811 1814 speciem
833 1739 1176 1788 versuum
1199 1717 1328 1815 qui
1361 1742 1446 1789 ea
1474 1733 1647 1789 sunt
1681 1731 2079 1808 venustate,
2102 1738 2186 1786 ea
2207 1709 2581 1810 elegantia,

487 1849 571 1905 ut
602 1832 944 1907 saeculum
976 1835 1194 1932 longe
1226 1860 1566 1934 superare
1600 1820 2007 1910 videa‘ntur.
2056 1839 2237 1906 Rem
2276 1854 2429 1902 non
2467 1830 2585 1899 in·

494 1965 761 2044 gratam
789 1951 1056 2042 fecem,
1086 1953 1148 2022 si
1178 1937 1470 2024 lectoris
1499 1953 1734 2024 oculis
1762 1951 2187 2046 subjecero:

649 2111 782 2167 Non
805 2109 997 2170 haheo
1021 2110 1272 2185 denique
1294 2113 1466 2168 nauci
1491 2113 1752 2168 Marsum
1778 2113 2075 2186 Augurem
2084 2147 2107 2176 ,

645 2213 780 2268 Non
804 2211 1036 2270 vicanos
1061 2213 1367 2288 Aruspices
1380 2250 1398 2280 ,
1423 2231 1548 2268 non
1574 2213 1647 2268 de
1676 2211 1845 2268 Circo
1872 2209 2196 2284 astrologos
2212 2247 2229 2278 ,

645 2311 780 2367 Non
806 2309 1016 2367 Isiacos
1045 2309 1442 2383 Conjectores,
1471 2328 1597 2366 non
1622 2311 1973 2386 Interpretes
1997 2305 2284 2363 somnium
2308 2327 2320 2362 :

651 2415 788 2469 Non
814 2393 967 2468 enim
991 2422 1126 2467 sunt
1149 2410 1190 2466 ii
1205 2450 1222 2479 ,
1248 2421 1350 2467 aut
1375 2411 1636 2478 scientia,
1665 2421 1765 2466 aut
1790 2419 1913 2465 arte
1938 2409 2146 2476 divini,

653 2511 767 2569 Sed
791 2511 1162 2587 superstitiosi
1187 2521 1340 2568 vates
1355 2551 1373 2581 ‚
1399 2511 1874 2587 impudentesque
1900 2509 2141 2582 harioli,

653 2617 772 2670 Aut
796 2613 1035 2682 inertes,
1065 2621 1164 2668 aut
1190 2610 1404 2680 insani,
1431 2623 1534 2668 aut
1558 2611 1770 2686 quibus
1798 2621 2013 2686 egestas
2040 2611 2323 2686 imperat:

651 2713 769 2784 Qui
793 2713 882 2770 sui
909 2723 1156 2787 quaestus
1178 2731 1348 2770 causa
1372 2710 1536 2770 fictas
1562 2712 1833 2768 suscitant
1856 2711 2190 2781 sententias,

655 2819 772 2891 Qui
795 2818 904 2877 sibi
927 2819 1180 2876 semitam
1207 2838 1328 2876 non
1353 2819 1613 2895 sapiunt,
1642 2818 1808 2876 alteri
1834 2828 2159 2876 monstrant
2182 2817 2335 2874 viam
2352 2857 2369 2885 ,

654 2920 876 2994 Quibus
901 2920 1123 2978 divitias
1149 2921 1515 2997 pollicentur,
1542 2919 1616 2978 ab
1643 2919 1711 2978 iis
1737 2919 2075 2976 drachmam
2102 2930 2343 2995 petunt3

658 3024 746 3079 De
771 3021 981 3079 divitiis
1005 3021 1291 3079 deducant
1316 3020 1652 3079 drachmam
1665 3060 1682 3091 ,
1708 3019 1956 3077 reddant
1979 3031 2188 3077 cetera.

599 3175 916 3248 Plurima
945 3200 1036 3247 ex
1065 3174 1180 3247 his
1212 3174 1460 3246 Satiris
1493 3175 1897 3273 desumpsit
1932 3175 2305 3265 Horatius»,
2340 3188 2422 3246 ut
2450 3197 2600 3248 ma·

513 3293 860 3366 nifcstum
887 3293 1023 3365 erit
1051 3307 1262 3365 notas
1289 3307 1574 3366 nostras
1602 3293 2039 3366 consulenti.

600 3417 770 3486 Post
799 3413 1120 3485 Ennium
1155 3427 1358 3485 ortus
1389 3415 1777 3500 Pacuvius,
1814 3415 2077 3486 Satires
2114 3414 2273 3512 ipse
2304 3435 2599 3511 quoque

509 3533 658 3604 sive
713 3529 1197 3622 avunculum,
1247 3532 1398 3604 sive
1457 3557 1673 3604 avum
1734 3557 1866 3631 per
1917 3547 2220 3604 matrem
2278 3531 2601 3604 imitatus

513 3646 824 3743 scripsit.

612 3769 830 3836 Natus
881 3780 991 3837 est
1040 3765 1366 3840 Lucilius
1409 3769 1486 3840 in
1536 3791 1629 3840 eo
1681 3782 2045 3865 tempore,
2096 3791 2245 3866 quo
2296 3766 2625 3848 maxime,

515 3881 812 3954 florebat
843 3885 1208 3958 Pacuvius.
1241 3887 1673 3984 Composuit
1704 3901 1775 3958 et
1816 3885 1935 3956 ille
1968 3886 2257 3977 Satiras,
2282 3885 2411 3958 sed
2436 3883 2601 3980 qui-
