3000 4684
526 415 661 460 120

1082 387 1170 474 Q.
1221 385 1646 498 noRAfru
1692 357 2044 454 F‘LAccl

1369 548 1694 596 HonA‘rrU
1696 549 1751 594 S.

513 657 697 751 Quid
733 637 1016 732 faciam?
1051 660 1249 732 saltat
1282 661 1639 753 Milonius,
1675 678 1749 734 ut
1782 659 1986 732 semel
2021 663 2158 744 icto

513 781 808 851 Accessit
842 779 1069 862 fervor
1100 782 1339 876 capiti,
1371 805 1816 876 numerusque
1848 779 2158 854 lucernis.

2530 777 2609 836 25

514 897 755 966 Castor
789 895 1037 992 gaudet
1066 897 1289 992 equiS,
1323 923 1451 974 ovo
1483 913 1854 996 prognatus
1887 897 2125 968 eodem

512 1017 796 1110 Pugnis3
836 1031 1001 1110 quot
1030 1017 1327 1112 capitum
1360 1017 1628 1118 vivunt,
1667 1017 1947 1087 totidem
1979 1013 2353 1089 studiorum

512 1135 751 1210 Millia.
788 1141 905 1208 Me
936 1137 1219 1234 pedibus
1256 1134 1544 1207 delectat
1575 1134 1884 1206 claudere
1915 1133 2120 1204 verba

519 1255 739 1327 Lucili
774 1257 909 1327 ritu
928 1309 947 1346 ,
982 1271 1281 1327 nostrum
1318 1253 1617 1327 melioris
1653 1271 1956 1350 utroque.

582 1464 672 1509 u.
703 1453 1097 1527 Quidfizciam?
1112 1453 1236 1524 quid
1258 1469 1349 1521 ego
1364 1453 1524 1520 aliud,
1593 1451 1810 1519 dulgent.
1847 1451 1947 1504 En.
1969 1477 2037 1490 ·—-
2061 1461 2187 1521 quot
2219 1445 2446 1519 capitum
2459 1444 2501 1507 ‚’'
2513 1455 2610 1500 etc.

507 1557 655 1609 quam
670 1555 840 1592 versus
848 1575 861 1601 ,
884 1539 1055 1592 faciam
1068 1538 1093 1590 ἰ’
1110 1537 1246 1604 Quot
1258 1539 1395 1590 enim
1410 1547 1528 1590 sunt

510 1625 754 1690 homines,
774 1624 977 1677 totidem
998 1641 1086 1676 sua
1100 1624 1313 1693 quisque
1338 1633 1531 1676 sectan-

508 1721 597 1762 tur
612 1708 789 1761 studia.
802 1707 1047 1762 Milonius
1060 1708 1341 1770 saltatione,
1352 1707 1534 1760 Castor

512 1811 749 1868 equorum
768 1794 1123 1848 domandorum
1150 1793 1331 1856 studio,
1351 1793 1533 1846 Pollux

514 1879 737 1948 pugilatu
768 1879 982 1944 gaudent
998 1898 1015 1944 ;
1043 1893 1159 1944 ego,
1184 1887 1243 1928 ut
1274 1876 1530 1935 Lucilius,

514 1964 732 2018 delector
760 1964 1035 2020 scribendis
1064 1960 1253 2012 satiris.
1274 1989 1347 2000 --
1370 1960 1530 2010 Milo-

514 2046 657 2096 m'us.
675 2043 838 2094 Schol.
855 2045 1043 2111 Porpb.
1062 2061 1089 2088 tt
1102 2040 1345 2092 Milonius
1361 2053 1528 2090 scurra

516 2124 715 2177 illorum
748 2133 1019 2191 temporum
1038 2158 1053 2188 ,
1082 2121 1171 2188 qui
1200 2135 1351 2187 quum
1376 2115 1530 2186 semel

516 2205 685 2256 ebrius
711 2213 838 2257 esset
856 2240 871 2268 ,
910 2203 1076 2254 statim
1110 2200 1287 2252 saltare
1314 2199 1528 2266 incipie-

513 2289 621 2338 bat.
638 2305 737 2334 ›2—
750 2296 809 2334 ιιι
822 2284 992 2342 semel,
1004 2283 1227 2348 simulac,
1246 2291 1524 2350 postquam.

515 2369 730 2424 —1'cm‚
764 2365 881 2417 vlno
898 2401 913 2431 ,
949 2363 1089 2432 cujus
1113 2363 1186 2416 vis
1212 2373 1359 2432 caput
1386 2362 1532 2433 quasi

514 2447 747 2519 peremit,
768 2446 821 2499 h.
844 2463 889 2498 e.
910 2446 1145 2500 inebriat.
1170 2435 1419 2500 Milonius
1434 2447 1530 2520 igi-

514 2543 616 2599 tur,
633 2545 804 2580 verum
824 2546 949 2594 esse,
971 2528 1298 2600 quodCicero
1315 2528 1389 2582 ait
1410 2529 1532 2600 (pro

514 2615 720 2667 Mur-en.
742 2631 787 2665 c.
812 2612 887 2682 ο),
914 2632 941 2660 α
962 2613 1212 2666 neminem
1232 2603 1335 2666 fere
1352 2615 1533 2669 saltare

513 2695 757 2757 sobrium,
776 2715 805 2744 ι)
829 2695 1053 2769 exemplo
1076 2715 1163 2755 suo
1178 2699 1530 2767 comprobavit.

518 2807 591 2818 —-
610 2795 963 2854 numerusque
982 2781 1211 2832 luc-emis
1225 2816 1243 2841 ‚
1267 2781 1387 2850 quia
1403 2780 1534 2834 ebrii

516 2862 766 2930 geminum
791 2862 1103 2926 lucernarum
1138 2882 1399 2918 numerum
1436 2864 1538 2917 sibi

516 2944 687 3000 videre
705 2947 957 3010 videntur,
978 2946 1195 2999 suaviter
1210 2946 1423 3000 lucernis
1442 2965 1538 2998 nu·-

521 3023 687 3082 m'erus
707 3031 935 3083 accedere
953 3027 1159 3082 dicitur.
1194 3029 1226 3080 J
1231 3027 1534 3096 uvenalNl,

525 3124 627 3166 304
650 3130 664 3163 :
695 3131 722 3160 α
739 3113 906 3179 Quum
927 3113 1121 3164 bibitur
1146 3113 1328 3164 concha
1346 3150 1361 3176 ,
1382 3129 1540 3180 quum

514 3197 620 3261 jam
639 3191 881 3258 vertigine
900 3202 1078 3245 tectum
1100 3192 1337 3247 Ambulat
1350 3232 1367 3257 ,
1386 3203 1439 3246 et
1458 3211 1543 3261 ge·

522 3275 676 3328 minis
707 3275 925 3341 exsurgit
958 3293 1125 3330 mensa
1150 3275 1401 3342 lucernis3
1433 3296 1460 3324 ιο
1490 3285 1543 3328 et

520 3361 594 3412 sic
615 3355 825 3412 Ovidius
861 3346 913 3409 iu
953 3356 1067 3409 Art.
1107 3354 1225 3409 Am.
1253 3356 1337 3408 111
1359 3394 1375 3424 ,
1401 3367 1500 3408 '164
1525 3376 1539 3407 ι

524 3462 555 3490 α
589 3441 705 3494 bina
749 3441 937 3493 videre.
972 3459 1000 3488 κ
1031 3468 1105 3479 -
1134 3439 1314 3493 Castor
1345 3437 1548 3514 gaudet

520 3528 691 3597 equis,
714 3525 816 3579 vid.
844 3542 980 3594 supr.
1005 3523 1106 3578 od.
1133 3523 1179 3586 1,
1205 3534 1291 3587 ss,
1315 3532 1404 3588 215,
1430 3535 1497 3576 26
1523 3539 1537 3575 t

526 3627 555 3657 a
570 3609 739 3674 Diam
758 3619 811 3662 et
822 3599 1053 3671 Alciden,
1076 3623 1349 3677 puerosque
1368 3607 1539 3672 Leda,

520 3689 671 3744 Hunc
700 3694 874 3762 equis,
904 3692 1043 3744 illum
1074 3705 1309 3759 superare
1330 3690 1540 3758 pugnis,

523 3773 779 3826 Nobilem.
805 3795 908 3822 π-
924 3793 1013 3827 ovo
1028 3785 1316 3846 prognatus
1338 3770 1507 3824 eodem
1518 3791 1541 3837 ‚-

525 3855 647 3907 adeo
682 3857 817 3908 varia
842 3870 958 3910 snnt
978 3860 1235 3912 hominum
1258 3858 1419 3910 studia
1432 3895 1449 3924 ‚
1482 3869 1540 3910 ut

523 3937 721 4016 Pollux,
744 3939 862 3990 licet
882 3941 1101 3995 Castoris
1126 3943 1296 4008 frater,
1322 3943 1437 3995 licet
1455 3961 1538 3996 eo-

523 4021 635 4084 dem
656 4037 749 4074 ovo
764 4030 928 4086 natus,
948 4023 1060 4075 aliis
1080 4025 1447 4086 oblectamentis
1464 4027 1538 4076 in-

1597 1535 1786 1587 Notum
1805 1544 1883 1587 est
1899 1531 2025 1586 illud
2042 1523 2514 1594 Terentii‚‘Phorm.
2533 1529 2611 1594 11,

1598 1628 1652 1686 Δ,
1675 1627 1758 1684 u,
1781 1636 1806 1665 s
1821 1626 1944 1686 quot
1964 1617 2208 1683 homines,
2230 1624 2305 1668 tot
2327 1613 2610 1678 sententia,

1601 1718 1720 1754 suus
1739 1700 1917 1769 cuique
1942 1716 2065 1752 mos.
2086 1719 2115 1750 a

1674 1794 1762 1836 28.
1795 1781 2022 1834 Pedibus
2050 1779 2293 1834 claudere
2321 1779 2512 1840 verba,
2543 1779 2615 1831 sic

1602 1886 1741 1936 supr.
1763 1867 1868 1919 Sat.
1894 1868 1942 1930 Ι,
1962 1877 2048 1932 ¹0,
2070 1879 2136 1920 39
2157 1884 2170 1916 2
2202 1886 2229 1915 α
2249 1865 2460 1936 pedibus
2483 1863 2616 1916 senis

1599 1951 1844 2000 claudere.
1862 1968 1964 1994 ³³—-
1981 1962 2212 2000 nostmm
2233 1950 2352 2001 mel.
2379 1961 2613 2020 utruque,

1603 2028 1860 2086 nobilioris
1883 2037 2094 2096 utroque
2113 2041 2360 2084 nostrum.
2374 2032 2508 2092 Illud
2529 2032 2616 2097 igi·

1601 2117 1684 2158 tur
1717 2105 1949 2158 Horatius
1985 2108 2093 2160 vult
2123 2110 2320 2174 dicere,
2367 2115 2620 2166 Lucilium

1599 2207 1700 2242 non
1725 2189 1903 2258 puduit
1921 2191 2094 2251 satiras
2108 2195 2363 2264 seribere,
2388 2213 2479 2248 cur
2505 2215 2588 2249 me
2605 2236 2622 2260 ‚

1599 2275 1686 2351 qui
1705 2275 1854 2328 homo
1880 2293 1989 2328 sum
2014 2277 2274 2345 ignobilis,
2303 2295 2394 2330 nec
2412 2317 2426 2346 ,
2445 2289 2622 2334 utrum

1601 2359 1828 2412 Lucanus
1847 2398 1862 2428 ,
1884 2378 1948 2414 an
1964 2358 2447 2430 Appulussdicendus
2468 2366 2566 2418 sim
2590 2404 2607 2429 ‚

1602 2442 1721 2495 satis
1751 2444 1881 2507 scio,
1905 2445 2053 2512 hujus
2071 2445 2155 2498 rei.
2167 2445 2382 2514 pudeat?
2409 2446 2484 2499 De
2515 2449 2618 2501 Lu-

1600 2526 1707 2579 cilii
1741 2527 2000 2582 nobilitate
2030 2529 2194 2583 Scbol.
2217 2529 2372 2603 Cruq.
2399 2532 2464 2584 ad
2486 2533 2622 2586 hunc

1600 2610 1761 2664 locum
1791 2605 2240 2666 observavit'haec:
2279 2633 2307 2661 α
2332 2614 2420 2683 qui
2443 2615 2619 2668 melior

1609 2696 1706 2748 l'uit
1725 2704 1778 2747 et
1799 2713 1894 2763 me,
1916 2707 1968 2751 et
1987 2707 2052 2763 te,
2071 2696 2304 2764 Trebati,
2324 2715 2474 2750 censu
2493 2696 2620 2768 (ipse

1605 2777 1843 2831 Horatius
1875 2780 1997 2832 infr.
2019 2798 2068 2830 v.
2098 2789 2162 2832 '1⁸
2183 2797 2197 2830 :
2223 2801 2251 2830 «ι
2275 2797 2329 2833 se
2355 2780 2486 2832 infra
2517 2781 2622 2832 Lu-

1607 2858 1716 2912 cilii
1737 2878 1936 2913 censum
1953 2883 1981 2912 n
2011 2879 2117 2916 esse
2139 2861 2242 2934 ait)
2271 2875 2322 2916 et
2345 2863 2613 2917 natalibus.

1609 2943 1733 2995 Fuit
1753 2945 1888 2997 enim
1911 2945 1989 3000 vir
2007 2947 2167 3004 bonus
2184 2957 2236 2999 et
2249 2947 2392 2999 valde
2415 2947 2619 3011 nobilis,

1610 3036 1782 3096 utpote
1799 3017 1972 3099 Magni
1996 3029 2222 3109 Pompeii
2247 3046 2382 3082 avus.
2400 3025 2444 3078 ὐ
2482 3029 2623 3082 Hanc

1610 3110 1792 3167 Lucilii
1839 3112 2150 3165 nobilitatem
2195 3113 2453 3165 confirmat
2493 3112 2622 3163 alius

1613 3211 1809 3268 quoque
1831 3195 1993 3252 Schol.
2021 3197 2140 3250 infr.
2167 3197 2230 3248 ad
2252 3215 2301 3248 v.
2329 3206 2416 3260 78,
2443 3195 2530 3248 sed
2557 3197 2622 3257 is,

1613 3277 1792 3336 docens
1820 3279 2004 3336 Lucilii
2035 3297 2252 3332 sororem
2285 3281 2442 3332 aviam
2465 3280 2622 3332 Pom-

1615 3360 1718 3428 peii
1738 3359 1917 3425 fuisse,
1942 3362 2186 3416 Lucilium
2212 3381 2310 3416 non
2329 3381 2478 3416 avum
2491 3399 2511 3424 ‚
2537 3365 2624 3416 secl

1613 3445 1860 3521 majorem
1878 3449 2198 3506 avunculum
2220 3447 2447 3518 Pompeii
2472 3449 2626 3501 tuisse

1613 3529 1828 3582 ostendit
1849 3549 1866 3594 ;
1908 3531 1978 3582 cf.
2020 3531 2206 3584 Vellei.
2247 3534 2358 3585 Pat.
2401 3535 2455 3585 11
2473 3572 2490 3596 ‚
2531 3544 2621 3586 29.

1613 3607 1721 3663 Alii
1747 3611 1994 3681 accipiunt
2024 3614 2151 3667 hanc
2181 3633 2344 3668 vocem
2367 3615 2624 3676 melioris,

1614 3713 1734 3762 pro:
1757 3699 2110 3764 praestantioris
2129 3711 2314 3768 poetae3
2338 3701 2439 3752 nisi
2461 3710 2628 3753 autem

1614 3779 1676 3831 ed
1708 3781 2014 3834 nobilitatem
2051 3783 2336 3851 referretur,
2373 3803 2464 3837 cur
2494 3783 2628 3838 infra

1613 3862 1848 3916 Horatius
1859 3865 1922 3918 de
1933 3883 2021 3918 suo
2027 3883 2204 3933 genere
2213 3885 2269 3921 ac
2277 3869 2436 3938 patria
2447 3887 2493 3920 v.
2505 3880 2570 3920 54
2578 3881 2628 3930 s,

1611 3945 1935 4013 loqueretur?
1965 3968 1992 3996 α
2015 3949 2241 4003 Lucanus
2269 3968 2334 4004 an
2360 3951 2589 4020 Appulus
2611 3991 2627 4014 ‚

1611 4043 1818 4107 anceps:
1845 4046 1956 4082 nam
1975 4029 2290 4106 Venusinus²
2307 4053 2338 4084 ι»
2360 4043 2457 4086 etc.
2487 4033 2585 4086 En.
