3000 4684
451 325 592 411 438
1183 323 1790 394 PROOEMIUM

537 479 686 540 Non
707 474 912 541 solum
933 497 1020 539 an
1038 496 1205 562 pure
1227 490 1294 539 et
1313 491 1462 563 apte
1485 474 1859 562 loquantur,
1874 470 1989 538 sed
2006 473 2200 538 etiam
2218 495 2303 538 an
2322 494 2545 538 versus

453 582 800 669 diligenter
827 597 895 646 ct
929 581 1014 646 ad
1043 603 1361 647 normam*
1375 597 1772 670 componant
1786 629 1805 661 ,
1836 603 2065 669 parum
2088 595 2276 647 curat
2296 597 2431 646 tum
2446 583 2545 665 ju-

451 689 735 769 niorum,
767 704 905 754 tum
923 688 1248 754 seniorum
1266 705 1609 778 poetarum
1637 689 1897 776 vulgus3
1922 689 2167 777 quippe
2191 688 2305 777 qui
2327 687 2545 753 facilli-

449 823 628 864 mum
651 798 746 880 id,
778 815 846 864 et
867 801 1116 865 minimi
1143 823 1280 866 esse
1298 801 1494 888 pretii
1519 815 1781 889 putent,
1806 800 1987 888 quod
2008 815 2239 866 contra
2256 801 2547 864 maximoe

453 907 844 972 difficultatis
878 924 1000 973 est.
1033 908 1304 973 Aurium
1343 909 1521 974 enim
1559 931 1749 974 sensu
1778 931 1855 975 ac
1885 908 2133 996 judicio
2164 931 2303 974 non
2336 906 2546 996 perci-

452 1015 668 1103 pium,
690 1015 848 1103 quid
865 1015 1104 1104 leporis
1119 1037 1195 1081 ac
1210 1017 1560 1082 venmtatis
1576 1018 1657 1081 sit
1673 1019 1742 1083 in
1754 1015 2179 1105 periodorum
2194 1031 2513 1082 structura
2522 1063 2542 1096 ,

453 1127 523 1192 in
547 1125 854 1191 orationis
872 1148 1172 1206 numero,
1198 1142 1267 1193 et
1293 1127 1650 1192 verborum
1678 1149 1825 1192 cum
1852 1128 2187 1194 sententiis
2208 1142 2362 1215 apte
2392 1148 2549 1192 con-

454 1238 824 1332 gruenti-um
869 1237 1162 1304 delectue
1208 1254 1318 1305 aut
1361 1238 1583 1305 fecisse
1623 1240 1771 1305 satis
1813 1241 1934 1306 sibi
1974 1237 2305 1319 videntur,
2345 1259 2547 1326 quum

453 1370 676 1414 versus
703 1347 929 1414 molles
959 1370 1312 1414 canorosve
1343 1348 1789 1430 condiderint,
1816 1349 2025 1438 ignari
2050 1350 2319 1415 omnino
2340 1346 2552 1413 varios

457 1479 589 1522 csse
615 1457 686 1521 in
716 1457 1006 1525 versibus
1031 1457 1284 1539 modos,
1316 1459 1507 1525 variis
1524 1459 1721 1524 animi
1742 1459 2079 1524 affectibus
2104 1457 2551 1524 accommoda·

457 1581 596 1632 tos:
624 1568 889 1633 minime
921 1568 1326 1656 propositum
1354 1569 1584 1657 attingi
1602 1618 1618 1649 ,
1652 1569 1705 1634 si
1734 1569 1896 1634 seria
1930 1591 2039 1635 res
2066 1568 2316 1657 liquido
2346 1589 2421 1634 ac
2450 1587 2553 1632 ra-

457 1677 618 1765 pido
653 1699 844 1744 versu
875 1693 1214 1758 tractetur,
1249 1695 1318 1744 et
1352 1679 1598 1744 flebiles
1632 1679 1797 1768 elegi
1822 1679 2073 1745 levibus
2100 1677 2373 1766 dactylis
2396 1699 2553 1743 con·

459 1799 630 1860 stent
649 1809 666 1848 t
693 1783 847 1850 inde
867 1807 1006 1849 non
1026 1807 1232 1872 pauca
1256 1787 1328 1850 in
1349 1787 1742 1852 carminibus
1765 1786 2215 1875 vituperanda,
2240 1786 2395 1851 item
2418 1807 2555 1850 non

457 1917 664 1983 pauca
680 1894 1002 1962 laudanda
1023 1916 1394 1976 occurrere,
1421 1913 1624 1985 prout
1645 1898 2006 1963 constitutae
2030 1897 2202 1986 leges
2218 1897 2557 1962 observen-

462 2017 592 2067 tur.
635 2005 727 2067 Ea
761 2018 857 2068 est
883 2003 1238 2069 multorum
1264 2003 1585 2092 imperitia
1603 2052 1622 2083 ,
1659 2019 1733 2069 ut
1757 2005 2046 2070 nesciant
2064 2052 2082 2084 ‚
2114 2027 2257 2092 quae
2286 2003 2557 2068 diversoe

462 2134 764 2178 versuum
801 2113 1049 2200 species
1089 2111 1358 2180 diversis
1399 2115 1757 2178 carminum
1796 2113 2189 2202 argumentis
2220 2125 2373 2200 apte
2398 2133 2558 2176 con-

464 2237 726 2308 gruant.
771 2225 915 2286 Hoc
955 2221 1160 2288 levius
1193 2221 1402 2308 tangit
1439 2225 1705 2301 Noster,
1744 2238 1813 2288 et
1850 2243 2050 2309 quum
2092 2220 2291 2286 malos
2326 2235 2558 2308 poetas

469 2327 770 2396 deridere
813 2331 1030 2418 potius
1048 2379 1067 2410 ,
1103 2351 1320 2418 quam·
1341 2333 1555 2398 bonos
1590 2332 1939 2398 informare
1974 2331 2129 2398 velit
2147 2379 2166 2412 ,
2196 2329 2560 2420 praecipuas

467 2453 812 2526 postquam
827 2439 1083 2527 regulas
1097 2441 1470 2528 perscripsit
1484 2441 1572 2506 de
1588 2441 1937 2509 verborum
1950 2440 2230 2522 delectu,
2246 2441 2565 2508 sermonis

469 2545 870 2636 proprietate
906 2563 974 2613 et
1002 2571 1302 2614 versuum
1338 2551 1583 2616 factura
1598 2599 1616 2630 ,
1656 2551 2039 2639 pronuntiat
2073 2550 2338 2617 demum
2363 2551 2566 2617 nemi-

469 2679 624 2723 nem
645 2671 854 2746 poetoe
869 2681 1110 2725 nomen
1122 2659 1426 2726 affectare
1442 2683 1656 2749 posse,
1674 2661 1795 2726 nisi
1808 2662 2007 2726 trium
2020 2659 2257 2727 horum
2274 2661 2567 2750 peritissi-

471 2789 690 2832 mum:
727 2783 794 2834 et
807 2817 826 2849 ,
861 2767 1018 2834 dum
1038 2768 1382 2858 plerosque
1401 2769 1509 2836 vel
1530 2793 1657 2836 suae
1671 2816 1689 2850 ,
1719 2771 1827 2837 vel
1850 2770 2087 2859 prioris
2115 2787 2339 2858 poetas
2368 2769 2567 2836 astatis

473 2879 780 2967 pessimos
804 2879 1090 2946 declarat
1109 2928 1127 2960 ,
1159 2881 1378 2946 Pisoni
1410 2881 1889 2948 adolescentulo
1918 2903 1987 2947 se
2004 2929 2021 2962 ,
2049 2897 2125 2947 ut
2148 2881 2439 2948 solebant
2463 2903 2569 2947 ce-

476 2988 600 3054 teri
618 3037 637 3070 ,
676 3013 814 3056 non
857 3005 1038 3056 tanto
1080 2990 1304 3056 labore
1350 2993 1635 3058 carmina
1676 2991 2099 3058 conditurum
2140 2991 2524 3058 existimanti
2546 3038 2565 3072 ,

397 3181 410 3205 Ι
477 3099 850 3188 scrupulum
874 3099 1080 3185 injicit
1093 3147 1110 3180 ,
1135 3102 1444 3166 nimirum
1470 3103 1543 3168 in
1572 3103 1828 3191 poetica
1854 3117 1995 3168 arte
2016 3101 2159 3192 plus
2178 3100 2572 3167 difficultatis

481 3231 640 3290 esse,
666 3232 860 3298 quam
885 3211 1168 3298 primum
1195 3211 1581 3279 crediderat.

569 3323 895 3385 Hactenus
929 3317 1012 3382 de
1047 3333 1187 3385 arte
1225 3321 1577 3388 dramatica
1611 3345 1697 3388 ne
1734 3323 1934 3388 ullum
1962 3322 2224 3410 quidem
2244 3323 2523 3389 verbum
2552 3347 2569 3386 ε

482 3447 681 3512 quum
704 3447 866 3491 vero
895 3426 1106 3513 poetis
1125 3428 1431 3494 Romanis
1447 3477 1466 3508 ,
1504 3452 1667 3517 quos
1702 3433 1936 3496 Noster
1968 3430 2176 3520 carpit
2208 3431 2280 3497 in
2312 3431 2571 3521 primis,

485 3534 811 3602 theatrmn
835 3535 1313 3603 celebratissimi
1337 3539 1537 3604 instar
1562 3540 1868 3605 curriculi
1898 3539 2101 3617 foret3
2127 3541 2199 3604 in
2226 3561 2360 3629 quo
2384 3541 2575 3605 etiam

485 3644 876 3732 Calpurnius
891 3647 1147 3729 juvenis
1179 3645 1456 3734 palmam
1482 3647 1782 3713 obtinere
1811 3663 2079 3736 cuperet
2098 3695 2115 3728 ,
2146 3663 2219 3712 ut
2242 3669 2367 3734 pro
2396 3661 2575 3711 certo

485 3775 678 3841 supra
693 3754 1054 3841 posuimus3
1084 3754 1214 3820 huc
1235 3755 1467 3838 sensim
1491 3777 1559 3820 se
1581 3755 1781 3820 vertit
1794 3755 2126 3833 Horatius,
2142 3769 2211 3820 et
2226 3752 2581 3840 praecipuas

487 3875 724 3926 tractat
747 3863 903 3928 artis
931 3864 1298 3930 dramaticoe
1332 3865 1587 3952 regulas
1606 3913 1623 3944 ‚
1664 3882 1731 3929 et
1768 3865 2137 3953 gravissima
2170 3875 2359 3926 notat
2383 3858 2537 3924 vitia
2556 3905 2575 3938 ι

485 3965 721 4051 quibus
749 3971 1130 4056 plerumque
1158 3972 1541 4038 laborabant
1571 3987 1864 4038 auctores
1888 3971 2005 4060 qui
2038 3971 2139 4038 isti
2178 3988 2443 4058 poeseos
2475 3989 2585 4054 gc·
2678 4049 2681 4052 ⁴
