3000 4684
1044 377 1049 384 ’
1094 405 1283 472 LIB.
1338 403 1451 490 11,

1503 403 1694 472 SAT.
1747 402 1844 469 II.
2384 397 2514 495 137

416 545 691 619 Galloni
720 544 1043 641 praeconis
1074 558 1219 612 erat
1252 543 1642 637 acipensere
1679 563 1906 608 mensa

413 666 711 737 Infami&
738 661 961 754 Quid?
990 677 1131 733 tum
1160 659 1489 731 rhombos
1519 660 1742 728 minus
1769 680 1994 752 aequor
2024 654 2284 728 alebat?

412 789 621 856 Tutus
652 798 797 854 erat
826 783 1185 874 rhombuS,
1223 795 1509 875 tutoque
1543 777 1802 848 ciconia
1840 774 2002 845 nido
2021 827 2041 862 ,

410 909 648 976 Donec
676 929 795 974 vos
830 918 1063 973 auctor
1096 901 1325 972 docuit
1354 899 1732 995 praetorius.
1767 899 1950 991 Ergo
1969 949 1988 984 ‚

2439 891 2512 948 50

414 1024 483 1092 si
516 1023 661 1117 quis
700 1047 881 1092 nunc
917 1046 1184 1117 mergos
1221 1044 1453 1090 suaves
1487 1016 1778 1088 edixerit
1813 1039 2026 1103 assos,

416 1143 684 1212 Parebit
718 1143 911 1236 pravi
949 1139 1185 1211 docilis
1222 1143 1528 1211 Romana
1560 1139 1896 1232 Juventus.

507 1261 831 1332 Sordidus
864 1287 903 1331 a
936 1261 1125 1332 tenui
1154 1260 1339 1330 victu
1376 1256 1689 1346 distabit,
1720 1250 1945 1323 Ofello

408 1381 673 1470 Judice3
714 1406 871 1451 nam
900 1381 1153 1452 frustra
1186 1379 1425 1448 vitium
1460 1371 1776 1444 vitaveris
1811 1367 2009 1458 illud,

407 1597 751 1648 nobilissimus
766 1597 895 1666 apud
910 1615 1009 1648 sue
1021 1597 1181 1650 aetatis
1192 1597 1421 1650 homines

406 1679 459 1730 in
480 1695 633 1747 parvo
653 1681 722 1730 sit
731 1680 913 1746 pretio.
929 1679 1039 1732 Nec
1048 1677 1303 1744 Horatius,
1316 1679 1423 1731 sive

408 1761 606 1814 Ofellus
631 1763 803 1814 laudat
826 1753 1169 1834 acipenserem
1185 1799 1201 1823 ‚
1228 1765 1313 1815 sed
1330 1779 1423 1832 po-

408 1847 513 1898 tius
542 1847 608 1898 de
636 1847 866 1898 mutabili
900 1847 955 1898 in
978 1847 1071 1898 hac
1092 1863 1147 1900 re
1168 1847 1423 1900 hominum

409 1925 615 1996 ingenio
630 1931 756 1996 agit3
773 1945 886 1981 nam
904 1928 1052 1998 paulo
1068 1939 1177 1998 post
1196 1930 1248 1982 in
1266 1949 1315 1983 v.
1334 1941 1391 1985 tu
1405 1969 1419 1993 ‚

408 2010 565 2064 dicit:
589 2031 617 2060 α
642 2011 697 2064 si
725 2013 837 2082 quis
868 2027 1002 2064 nunc
1034 2029 1221 2079 mergos
1253 2029 1421 2066 suaves

404 2096 618 2148 edixerit
642 2109 803 2160 assos,
840 2095 1046 2148 Parebit
1076 2096 1215 2164 pravi
1244 2094 1419 2150 docilis

403 2177 620 2233 Romana
632 2181 886 2248 juventus.
912 2199 941 2228 n

472 2274 561 2315 48.
600 2261 782 2329 Quid?
807 2261 1055 2332 quomodo
1080 2263 1421 2332 apponebatur

401 2355 453 2398 et
486 2347 611 2398 tanti
650 2347 801 2399 flebat
836 2345 1131 2414 acipenser?
1164 2363 1333 2402 nonne
1362 2348 1415 2400 in

400 2427 528 2481 mari
562 2438 705 2481 erant
733 2429 934 2481 rhombi
966 2438 1022 2481 et
1050 2427 1107 2480 in
1128 2430 1257 2496 agris
1282 2430 1415 2482 cieo-

348 2501 353 2508 ’
404 2510 543 2563 niae?
562 2513 781 2580 proiecto
809 2522 956 2565 erant
976 2533 991 2562 ι
1018 2511 1105 2564 sed
1136 2529 1281 2564 nemo
1312 2513 1415 2566 illis

406 2593 708 2662 vescebatur,
728 2597 845 2666 quia
874 2595 1093 2648 nondum
1126 2605 1234 2648 erat
1266 2597 1329 2648 iis
1364 2597 1420 2648 in

406 2678 651 2748 opinione
688 2681 919 2748 pretium.
962 2678 1199 2731 obsoniis
1234 2678 1425 2731 seilicet

402 2781 503 2824 nou
529 2773 727 2830 natura,
742 2763 827 2817 sed
846 2763 1078 2833 opinione
1094 2765 1309 2832 pretium
1326 2781 1420 2833 po-

398 2851 557 2901 nitur.
584 2847 685 2900 En.
703 2877 772 2887 —
794 2847 966 2900 Tutus
996 2861 1107 2901 emt
1141 2848 1415 2910 rhombus,

400 2941 497 2984 ete.
543 2930 711 2983 Nemo
753 2931 960 2985 rhombo
976 2969 992 2994 ,
1034 2947 1181 2984 nemo
1220 2931 1419 2984 ciconia

396 3015 553 3086 pullis
570 3015 1095 3069 insidiabatur.—vos
1117 3028 1305 3068 auctor·
1322 3015 1417 3067 do·-

397 3100 545 3163 cuit,
587 3109 757 3152 auctor
804 3098 903 3150 fuit
919 3137 933 3160 ‚
978 3108 1036 3152 ut
1081 3100 1133 3151 in
1180 3099 1417 3152 conviviis

398 3182 597 3238 rhombi
632 3193 684 3237 et
716 3183 921 3236 ciconia
944 3183 1070 3252 pulli
1098 3199 1417 3252 apponeren—

395 3273 496 3333 tur,
518 3283 686 3320 suaves
705 3283 813 3320 esse
831 3283 915 3320 eos
936 3267 1300 3338 pronuntiavit,
1322 3285 1417 3318 no-

396 3363 609 3417 menque
622 3367 677 3402 ac
691 3350 905 3419 pretium
922 3349 1099 3401 iisdem
1113 3348 1417 3402 addidit.En.

399 3435 765 3502 ——proeton'um
788 3433 953 3488 Schol.
975 3433 1133 3504 Cruq.
1158 3453 1187 3482 α
1206 3433 1419 3488 Asinius

398 3515 723 3586 Sempronius
739 3517 903 3570 Rufus
916 3557 930 3580 ‚
954 3519 1217 3588 praetorius
1228 3558 1245 3588 ,
1264 3515 1417 3573 insti-

393 3601 551 3654 tuisse
582 3601 829 3670 creditur,
863 3613 921 3656 ut
954 3603 1251 3658 ciconiarum
1291 3605 1417 3676 pulli

392 3686 807 3739 manducarentur
816 3704 838 3752 ,-
858 3703 1036 3757 quare,
1049 3703 1203 3758 quum
1226 3688 1277 3739 in
1296 3705 1415 3758 pras-

392 3775 503 3820 tnra
536 3767 750 3840 petenda
782 3769 1030 3840 repulsam
1056 3769 1253 3824 tulisset
1272 3810 1287 3835 ,
1316 3772 1415 3824 tale

390 3851 686 3920 epigramma
704 3851 892 3906 meruit
904 3869 954 3903 :s
964 3853 1293 3907 ethanim-um
1308 3853 1413 3904 Ru-

372 3935 483 4004 fus
501 3937 593 3989 isoe
614 3935 853 3990 mnarum·
866 3939 972 3990 Hic
994 3951 1067 3990 est
1090 3936 1293 3990 duobus
1310 3938 1413 3989 ele-

388 4019 829 4086 gantior-Plancis
838 4037 860 4083 ;
882 4017 1259 4092 suffragiorum
1270 4039 1411 4092 pun-

394 4111 479 4151 em
518 4119 621 4154 non
660 4103 785 4155 tulit
820 4115 1025 4173 septem.
1077 4105 1408 4158 Cri-ambrum

1485 1591 1719 1663 populus
1763 1590 1905 1642 ultus
1944 1599 2020 1639 est
2059 1601 2281 1639 monem.
2313 1605 2340 1632 n
2378 1584 2514 1637 Salse

1490 1675 1678 1727 dicitur
1689 1672 1988 1744 premor-ius,
2011 1672 2064 1723 iu
2080 1679 2290 1739 praetura
2303 1668 2512 1736 petenda

1492 1758 1720 1828 repulsus
1738 1778 1754 1823 ς
1775 1757 1990 1828 ρνέιειιν·
2008 1755 2252 1824 ηιαηᾳιιέ.
2279 1751 2376 1802 En.

1567 1848 1654 1894 30.
1673 1839 1852 1909 Er3'05
1868 1837 2054 1890 scilieet
2065 1851 2210 1888 nemo
2222 1842 2336 1886 ante
2349 1833 2514 1886 Gallo·

1494 1928 1634 1978 nium
1653 1925 1985 1994 acipenserem
2003 1959 2017 1983 ‚
2036 1929 2152 1973 aute
2167 1917 2512 1989 Sempronium

1490 2011 1676 2062 Rufum
1697 2009 1930 2062 rhombos
1943 2017 1996 2060 et
2008 2005 2209 2059 ciconias
2222 2002 2400 2074 pullos,
2417 2020 2514 2056 no-

1489 2105 1648 2160 verat3
1666 2095 1798 2147 unde
1811 2093 1950 2147 elicit
1961 2101 2120 2161 poeta,
2132 2099 2192 2142 ut
2203 2087 2246 2142 si
2260 2089 2372 2158 quis
2388 2089 2515 2141 forte

1488 2181 1622 2233 dicat
1631 2190 1820 2247 mergos
1831 2177 2074 2249 optimum
2090 2193 2198 2230 esse
2209 2175 2394 2240 cibum,
2407 2191 2514 2226 om-

1491 2283 1581 2318 nes
1597 2264 1762 2317 subito
1779 2264 1882 2317 sint
1899 2263 2046 2315 iidem
2060 2259 2356 2313 adhibituri.
2373 2258 2514 2311 Mer-

1488 2361 1570 2413 gos
1595 2345 1615 2415 (
1625 2345 1716 2398 des
1736 2345 2048 2419 plangeons)
2073 2339 2347 2414 prasertim
2379 2359 2512 2394 assos

1488 2431 1631 2498 ponit
1645 2429 1882 2483 Horatius
1896 2468 1910 2494 ,
1929 2437 2098 2498 utpote
2129 2445 2242 2481 aves
2275 2427 2345 2479 ita
2363 2427 2513 2479 duras

1485 2512 1750 2584 siccasque,
1781 2523 1839 2564 ut
1867 2514 1951 2566 vix
1969 2513 2084 2580 igne
2106 2509 2286 2564 torreri
2305 2518 2507 2580 queant.

1490 2597 1664 2649 En.—-
1675 2596 1907 2656 edelr-erit,
1921 2597 2064 2667 quasi
2080 2596 2292 2666 imperio
2304 2595 2509 2662 dixerit,

1492 2679 1653 2732 edicto
1687 2678 2012 2748 publicaverit
2030 2717 2045 2746 ‚
2077 2688 2308 2748 tauquam
2331 2689 2513 2746 proetor

1492 2762 1568 2814 vel
1604 2763 1753 2814 homo
1787 2761 2048 2829 praetorius
2066 2799 2081 2824 ,
2119 2761 2264 2813 sicuti
2304 2759 2511 2815 Asinius

1494 2845 1816 2913 Sempronius
1834 2842 2016 2906 Rufus,
2035 2858 2148 2895 eum
2171 2843 2402 2896 irrisione
2419 2863 2511 2914 pro

1491 2929 1680 2996 mlgari
1701 2945 1712 2978 ε
1741 2927 1963 2981 docuerit
1979 2943 2112 2979 assos
2138 2943 2326 2993 mergos
2343 2945 2514 2980 suaves

1490 3011 1942 3074 eese.-Pamb1·ae,
1967 3013 2113 3065 iidem
2137 3011 2400 3079 adjunget,
2422 3011 2508 3064 iis-

1488 3099 1603 3151 dem
1637 3108 1876 3152 vescetur.
1910 3097 2030 3151 flaec
2063 3117 2160 3151 vox
2189 3097 2414 3166 apprime
2431 3113 2509 3148 re-

1490 3183 1701 3251 spondet
1738 3183 1846 3235 voci
1883 3179 2114 3235 seiher-it.
2154 3181 2250 3233 En.
2273 3209 2347 3220 --
2361 3181 2519 3250 pravi

1488 3265 1670 3320 doe-1112*
1684 3304 1705 3329 ,
1734 3283 1846 3338 quae
1879 3266 1980 3320 cito
2003 3283 2154 3336 prava
2187 3265 2365 3332 discit,
2397 3282 2510 3336 quae

1491 3347 1636 3401 facile
1671 3367 1730 3401 ea
1760 3349 2004 3420 sequitur,
2027 3367 2140 3420 quoe
2155 3349 2298 3417 jubet
2315 3349 2502 3418 opinio.

1488 3431 1924 3484 Ena-Sordidus
1939 3451 1974 3484 α
1993 3435 2156 3495 venui,
2171 3443 2268 3486 etc.
2291 3432 2506 3498 Ofellus,

1488 3517 1578 3587 qui
1619 3517 1779 3570 adhuc
1815 3516 2088 3588 disputavit
2121 3517 2187 3569 de
2222 3517 2511 3570 hominibus

1488 3601 1670 3668 gulosis
1699 3611 1750 3655 et
1778 3599 2034 3654 luxuriose
2051 3601 2363 3668 viventibus,
2387 3600 2504 3654 dum

1485 3687 1796 3740 commendat
1826 3687 2008 3740 vietum
2050 3696 2246 3739 tenuem
2269 3725 2284 3750 ,
2321 3701 2434 3739 eum
2477 3703 2506 3740 a

1484 3767 1617 3820 victu
1653 3768 1851 3821 sordido
1893 3769 2158 3837 diligenter
2190 3770 2505 3838 distinguen-

1482 3852 1602 3904 dum
1637 3867 1746 3904 esse
1777 3863 1978 3918 monet;
2011 3871 2124 3907 eum
2157 3857 2292 3909 enim
2319 3857 2506 3912 frustra

1481 3937 1640 3989 vitare
1669 3929 1857 3988 vitium
1880 3937 2046 3999 illud,
2073 3939 2318 3995 luxuriam
2345 3952 2464 4012 puta
2484 3977 2502 4006 ,

1480 4023 1568 4092 qui
1591 4039 1822 4092 perverso
1846 4025 2010 4078 animo
2028 4027 2090 4078 ad
2105 4027 2284 4081 vitium
2303 4036 2503 4080 eontra·-

1481 4105 1646 4173 rium,
1669 4107 1730 4160 sd
1759 4107 2004 4162 sordidam
2025 4111 2278 4164 avaritiam
2297 4147 2312 4176 ,
2334 4119 2496 4160 trans-
