3000 4684
522 266 610 338 50

1078 265 1165 352 Q.
1218 261 1639 334 nonATn
1688 265 2041 336 FLACCI

516 404 696 478 Olim
734 429 878 499 quae
909 404 1176 498 scripsit
1201 401 1494 474 Lucilius
1512 406 1811 499 ‚eripias
1840 407 1895 474 si

514 527 846 618 Tempora
865 537 1069 611 certa,
1089 521 1482 617 modosque,
1499 538 1568 592 et
1584 521 1764 617 quod
1783 525 1969 618 prius
1982 521 2223 592 ordine
2242 523 2517 592 verbum
2539 535 2639 588 est

505 641 851 716 ,Posterius
880 641 1114 729 facim,
1141 663 1541 736 praeponens
1566 639 1803 712 ultima
1831 643 2105 737 primis·

515 763 671 832 Non
685 811 704 848 ‚
733 773 807 828 ut
834 760 890 828 si
921 755 1166 845 solvas,
1181 773 1226 822 ·<‹
1251 760 1611 852 Postquam
1644 755 1983 828 discordia
2009 773 2179 828 tetra

2530 756 2608 811 60

516 907 548 945 α
573 876 740 948 Belli
769 877 1052 947 ferratos
1081 891 1334 971 postes,
1364 893 1729 973 portasque
1757 875 2065 974 refregit,
2094 907 2129 944 n

514 1000 826 1070 Invenias
855 999 1056 1068 etiam
1089 995 1356 1092 disjecti
1385 999 1691 1067 membra
1718 1012 1953 1093 poetae.

609 1123 948 1188 Hactenus
975 1117 1154 1186 haec:
1188 1114 1379 1206 alias,
1402 1117 1657 1211 justum
1686 1117 1800 1206 sit,
1832 1139 2075 1206 necne,
2103 1105 2376 1210 poenum

515 1239 712 1310 Nunc
741 1235 904 1307 illud
931 1250 1194 1305 tantum
1220 1259 1519 1328 quoeram
1546 1263 1561 1305 z

512 1359 901 1451 Suspectum
934 1379 1140 1450 genus
1171 1353 1302 1424 hoc
1332 1353 1693 1424 scribendi.
1728 1351 1987 1424 Sulcius
2016 1379 2171 1424 acer

1596 1237 1931 1306 meritone
1958 1233 2082 1304 tibi
2108 1237 2194 1304 sit

2528 1351 2606 1408 65

513 1471 831 1544 Ambulat
857 1487 924 1541 et
948 1473 1261 1566 CapriuS,
1288 1474 1472 1543 rauci
1502 1470 1711 1562 male,
1738 1495 2021 1568 cumque
2050 1469 2324 1559 libellis3

511 1595 799 1688 Magnus
829 1563 1108 1686 uterque
1136 1593 1340 1662 timor
1368 1592 1777 1681 latronibus;
1809 1605 1879 1661 at
1906 1593 2077 1661 bene
2106 1593 2161 1660 si
2190 1593 2338 1685 quis

511 1713 597 1780 Et
625 1713 806 1780 vivat
827 1709 1020 1804 ‘puris
1047 1711 1356 1782 manibus
1373 1763 1392 1800 ‚
1421 1726 1812 1782 contemnat
1840 1725 2217 1805 utrumque.

515 1911 566 1961 in
593 1925 818 1973 scenam,
853 1909 940 1960 ubi
977 1927 1231 1978 personam
1263 1911 1418 1980 patris
1440 1911 1524 1963 in-

463 1999 470 2006 ’
511 1992 647 2056 duit,
669 1980 1028 2059 productus.—
1049 1993 1219 2044 eodem
1231 2007 1407 2063 pacto,
1437 1995 1525 2046 iis-

513 2077 626 2126 dem
647 2075 810 2126 verbis
827 2077 986 2143 puris,
1005 2093 1228 2130 sermone
1241 2079 1448 2145 vulgari.

589 2169 674 2210 58.
711 2155 766 2206 T
758 2170 960 2228 emporia
981 2171 1139 2220 certa,
1167 2159 1314 2226 pedes
1337 2155 1523 2213 exlon-

513 2242 730 2310 gioribus
752 2250 803 2293 et
832 2241 1144 2294 brevioribus
1177 2241 1377 2315 syllabis
1407 2261 1524 2298 con-

433 2347 444 2356 ·
513 2331 726 2385 stantem
765 2338 926 2376 cenos
960 2323 1160 2385 modos,
1201 2343 1429 2378 numeros
1460 2329 1523 2380 ad

511 2423 696 2463 certam
737 2426 1015 2462 mensuram
1049 2412 1372 2478 compositos,
1410 2413 1523 2482 rhy-

521 2496 572 2546 th
579 2511 708 2546 mum
718 2494 943 2552 .-——Non,
959 2508 1018 2546 ut
1029 2494 1204 2546 sisolv.
1219 2506 1310 2548 etc.
1331 2495 1363 2547 J
1365 2513 1488 2563 unge
1504 2517 1516 2548 :

518 2597 688 2630 non...
711 2579 879 2638 etiam,
903 2579 955 2628 h.
978 2597 1024 2630 e.
1050 2595 1146 2631 non
1171 2580 1359 2647 pariter
1369 2601 1385 2646 3
1416 2599 1524 2633 sen-

419 2691 428 2702 0
518 2681 632 2714 sus:
668 2665 719 2714 in
744 2663 823 2713 his
845 2660 967 2713 meis
989 2672 1040 2713 et
1065 2663 1246 2715 Lucilii
1265 2665 1488 2717 versibus
1504 2705 1518 2731 ,

519 2747 562 2798 si
583 2746 760 2813 pedum
783 2746 1004 2798 ordinem
1026 2784 1039 2812 ,
1058 2747 1161 2798 sive
1181 2759 1390 2800 metrum
1417 2759 1519 2802 tur·

519 2829 606 2879 bes
627 2827 878 2898 tollantque,
901 2845 996 2880 non
1021 2829 1108 2895 ita,
1130 2831 1272 2882 sicuti
1293 2832 1344 2882 in
1369 2831 1525 2883 Ennii

518 2913 740 2965 versibus
767 2932 794 2960 «
808 2913 1070 2983 Postquam
1096 2913 1362 2977 discordia,
1383 2925 1476 2967 etc.
1498 2936 1525 2964 ι»

436 2999 445 3007 ’
519 2997 719 3065 disjecta
755 3015 981 3050 versuum
1021 3001 1240 3050 membra
1277 2998 1529 3064 invenias5

521 3081 676 3133 Ennii
697 3081 830 3134 enim
849 3098 1019 3132 versus
1036 3081 1110 3132 vel
1127 3082 1319 3148 disjecti
1339 3093 1529 3150 poetam

525 3163 768 3231 produnt;
792 3174 844 3214 at
877 3163 1029 3258 nostxri
1049 3201 1062 3229 ,
1085 3165 1127 3214 si
1157 3181 1238 3214 eos
1263 3163 1529 3231 dissolvas,

521 3248 858 3316 quotidianum
879 3263 1170 3300 sermonem
1205 3249 1423 3316 sapiunt.
1462 3249 1532 3301 ni

518 3344 686 3382 versus
705 3347 770 3382 ex
781 3329 934 3380 Ennii
952 3327 993 3380 A
1003 3328 1230 3382 :malibus
1247 3345 1527 3384 sumuntur.

521 3441 592 3452 ·-
607 3393 818 3486 disjecti
829 3411 1051 3464 membr-a
1062 3427 1241 3484 ροετω,
1269 3413 1427 3481 imago
1443 3432 1532 3484 op-

521 3497 660 3564 tima,
685 3515 780 3566 qua
803 3496 1104 3564 significatur
1123 3495 1413 3551 disturbatis
1428 3517 1532 3550 rar-

521 3581 710 3632 minum
731 3581 954 3649 pedibus,
973 3591 1258 3650 mutatoque
1272 3581 1531 3634 verborum

519 3663 693 3714 ordine
704 3703 720 3730 ,
737 3664 830 3716 etsi
845 3665 948 3733 jam
965 3681 1134 3718 versus
1149 3682 1246 3717 non
1266 3665 1533 3733 supersint,

519 3747 685 3798 vivere
721 3749 880 3800 adhuc
915 3749 1006 3801 hac
1043 3749 1097 3801 in
1130 3749 1415 3802 confusione
1447 3765 1534 3801 ar·-

519 3830 714 3881 dentem
751 3832 936 3898 ingenii
977 3835 1202 3902 spiritum
1246 3851 1344 3904 qun
1391 3845 1533 3903 poeta

517 3911 810 3964 declaretur.
837 3911 930 3964 En.

593 4005 680 4048 63.
715 3995 982 4048 Hactenus
1006 3995 1133 4058 Ιιωε,
1157 4011 1248 4053 etc.
1277 3997 1386 4052 Jam
1411 3998 1531 4052 satis

1594 1913 1657 1964 de
1676 1911 1836 1963 Satira
1856 1921 1909 1962 et
1924 1909 2173 1963 Comoedia
2192 1905 2374 1961 dictum
2393 1919 2495 1976 est;
2514 1909 2611 1962 alio

1582 2006 1835 2063 „tempor-e,
1849 1991 1945 2044 alia
1967 1993 2219 2045 occasione
2236 2009 2529 2062 queremus,
2545 2011 2611 2045 an

1595 2077 1843 2131 Comoedia
1881 2077 1948 2128 sit
1966 2077 2157 2144 justum
2194 2083 2365 2144 poema
2382 2113 2397 2142 ‚
2424 2095 2611 2138 necne;

1596 2179 1728 2214 nunc
1753 2161 1875 2213 illud
1902 2169 2089 2212 tantum
2102 2177 2149 2220 ‚a
2178 2170 2226 2210 te
2248 2173 2461 2227 quaeram
2478 2198 2493 2225 ,
2516 2177 2579 2211 an
2594 2198 2613 2224 ‚
2638 2151 2645 2160 ¹

1593 2255 1687 2297 etc.
1714 2239 1810 2296 En.
1830 2273 1898 2281 —-
1912 2243 2219 2294 mentone...
2251 2239 2524 2301 scribendi,
2546 2259 2610 2294 an

1588 2329 1701 2394 jure
1742 2321 1835 2379 tibi
1878 2326 2088 2378 invisum
2133 2327 2199 2377 sit
2236 2325 2328 2378 hoc
2362 2325 2613 2378 scribendi

1592 2427 1773 2477 genus,
1796 2427 1894 2479 quo
1920 2411 2144 2461 versibus
2176 2407 2361 2475 vulgari
2387 2426 2613 2461 sermone

1593 2495 1871 2562 compositis
1888 2493 2142 2546 hominum
2156 2493 2277 2544 vitia
2297 2491 2614 2545 ridentur.—

1595 2575 1805 2627 Sulcius
1827 2589 1875 2627 et
1892 2575 2135 2646 Caprius.
2162 2575 2275 2628 Seh.
2292 2575 2479 2644 Porph.
2504 2575 2610 2629 «ni

1594 2660 1820 2712 acerrimi
1846 2659 2089 2712 delatores
2121 2670 2175 2711 et
2204 2661 2436 2713 causidici
2464 2661 2613 2714 fuisse

1596 2743 1874 2810 traduntur,
1900 2755 1951 2796 et
1976 2745 2087 2798 ideo
2108 2745 2259 2811 rauci,
2276 2746 2408 2814 quod
2429 2747 2479 2796 in
2498 2763 2608 2797 con·
2687 2772 2697 2782 =

1600 2829 1819 2881 tentione
1864 2829 2162 2895 judiciorum
2208 2829 2453 2896 clamant3
2499 2831 2629 2882 cum'

1600 2913 1784 2965 libellis
1812 2924 1975 2965 autem
2006 2915 2102 2982 (in)
2138 2914 2317 2985 quibus
2355 2924 2610 2976 annotant,

1600 3015 1711 3066 quas
1738 2999 1984 3051 deferant.
2014 3021 2041 3046 n
2059 3029 2129 3038 -—
2147 2999 2426 3057 Ambulat,
2458 3000 2523 3052 cl'.
2550 2999 2611 3050 ad

1604 3080 1705 3131 Sat.
1740 3081 1767 3132 1
1784 3120 1797 3143 ,
1830 3092 1859 3132 2
1878 3117 1893 3148 ,
1923 3091 2007 3132 25.
2026 3111 2099 3120 —-
2120 3085 2301 3140 rauci,
2330 3079 2463 3134 rauci
2488 3083 2612 3133 liunt

1602 3163 1833 3214 causidici
1872 3161 2027 3214 multa
2065 3165 2115 3215 in
2153 3165 2335 3217 orando
2371 3163 2613 3216 vocifera-

1606 3249 1773 3313 tione-3
1811 3247 1965 3298 Mart.
2012 3247 2106 3310 IV,
2144 3259 2210 3314 8,
2250 3259 2319 3300 2:
2358 3247 2615 3301 «Exercet

1604 3347 1771 3384 raucos
1808 3331 1951 3382 tertia
1978 3333 2152 3397 (hora)
2182 3329 2466 3384 causidicos.
2492 3353 2519 3380 n
2542 3361 2615 3371 -—-

1602 3415 1754 3476 male,
1778 3413 1972 3478 malam,
1996 3417 2277 3468 sceleratam
2297 3428 2453 3468 artem
2475 3416 2613 3469 dela-

1606 3497 1753 3550 tionis
1776 3501 2044 3552 exercendo
2064 3501 2199 3552 rauci
2224 3499 2339 3552 facti
2362 3509 2497 3552 sunt.
2516 3501 2611 3551 En.

1603 3609 1673 3620 —
1696 3597 1919 3653 cumque
1949 3581 2165 3642 libellis,
2199 3584 2250 3633 in
2282 3582 2462 3651 quibus
2496 3599 2615 3648 per-

1604 3667 1783 3733 scripta
1826 3676 1899 3717 est
1939 3669 2179 3720 accusatio
2217 3666 2469 3737 quaesitori
2510 3675 2615 3718 tra-

1604 3749 1783 3800 denda.
1807 3779 1877 3788 --
1894 3763 1951 3802 at
1972 3751 2096 3804 bene
2119 3753 2335 3823 siquis,
2360 3761 2455 3802 etc.
2475 3747 2546 3800 At
2571 3749 2615 3801 si

1604 3834 1716 3903 quis
1754 3845 1881 3887 recte
1916 3846 1967 3887 et
2000 3836 2227 3903 sceleris,
2264 3853 2361 3906 quo
2402 3835 2617 3886 latrones

1606 3933 1779 3970 manus
1800 3935 1910 3970 suas
1934 3918 2177 3987 polluunt,
2194 3937 2345 3988 purus
2362 3917 2501 3982 vivit,
2518 3935 2615 3972 non

1604 4003 1692 4054 hos
1710 4001 1951 4056 delatores
1974 4003 2134 4058 timet.
2162 4005 2257 4058 En.
