3000 4684
452 342 481 412 '1
498 343 588 426 42

1017 340 1103 426 Q.
1158 335 1575 408 HORATH
1623 339 1978 410 FLAccl

450 479 793 554 Accedent
827 478 986 547 anni
1005 529 1026 566 ‚
1060 493 1128 547 et
1160 479 1437 547 tractari
1466 475 1730 548 mollius
1759 495 1914 549 aetas

2459 473 2534 537 85

446 594 793 670 Imbecilla
828 593 1027 665 volet.
1058 595 1213 663 Tibi
1244 592 1564 688 quidnam
1599 593 1872 664 accedet
1901 594 1987 664 ad
2021 595 2250 684 istam,

441 719 665 809 Quam
698 740 867 810 puer
899 730 967 784 et
997 711 1251 783 validus
1285 714 1665 807 praesumiS‚
1701 711 2086 803 mollitiem,
2119 737 2236 782 seu

443 841 639 908 Dura
671 832 983 904 valetudo
1014 831 1362 922 inciderit,
1395 857 1512 902 seu
1543 831 1739 903 tarda
1771 831 2115 904 senectus?

440 953 819 1028 Rancidum
852 976 1090 1047 aprum
1127 951 1386 1046 antiqui
1415 949 1816 1043 laudabant,
1848 977 1986 1021 non
2018 953 2176 1046 quia
2205 977 2402 1023 nasus

445 1071 583 1144 [llis
610 1061 827 1143 nullus
856 1086 1034 1161 erat3
1062 1069 1210 1159 sed,
1240 1069 1475 1161 credo,
1505 1070 1633 1139 hac
1661 1085 1913 1162 mente,
1941 1068 2123 1165 quod
2148 1070 2392 1166 hospes
2456 1091 2534 1148 90
2611 1075 2616 1080 ’

444 1189 727 1261 Tardius
758 1187 1121 1260 adveniens
1154 1189 1457 1259 vitiatum
1489 1187 1941 1280 commodius,
1973 1214 2174 1284 quam

442 1314 787 1405 Integrum
818 1307 987 1377 edax
1014 1307 1323 1394 dominus
1352 1322 1796 1378 consumeret.
1825 1311 1966 1378 Hos
1993 1309 2249 1378 utinam
2275 1308 2454 1380 inter

441 1431 699 1498 Heroas
727 1441 959 1496 natum
989 1424 1209 1496 Tellus
1240 1450 1348 1495 me
1380 1425 1605 1521 prima
1636 1424 1925 1497 tulisset!

441 1551 582 1618 Das
609 1543 862 1639 aliquid
892 1544 1116 1634 famae,
1146 1569 1291 1640 quae
1320 1545 1618 1616 carmine
1647 1546 1902 1640 gratior
1925 1569 2159 1616 aurem

440 1768 597 1810 nuant
624 1757 861 1824 juvenum
890 1757 1103 1826 vigilatte
1135 1773 1337 1826 corpora
1366 1774 1457 1809 no-

440 1853 559 1896 ctes.
586 1863 613 1892 n
631 1871 701 1881 —
719 1841 912 1915 ubiqzoe
929 1837 1196 1895 Accedent
1217 1841 1352 1893 anni
1360 1877 1380 1901 ‚
1404 1851 1458 1894 et

442 1927 531 1979 ubi
556 1943 703 1978 senex
725 1926 845 1979 eris.
872 1927 969 1977 En.
993 1955 1063 1965 —
1082 1927 1299 1978 metari
1311 1925 1450 1977 moll.

442 2021 567 2061 oetas
601 2007 871 2060 Imbecilla
900 2009 1072 2068 volet,
1108 2025 1285 2077 corpus
1320 2009 1455 2060 enim

440 2091 584 2144 annis
616 2091 889 2144 muscetum
906 2129 921 2158 ,
942 2100 996 2142 et
1014 2091 1167 2142 variis
1188 2090 1456 2142 senectutis

438 2175 759 2227 incommodis
776 2175 1112 2243 debilitatum,
1132 2174 1369 2227 lautiores
1384 2174 1455 2227 ci·

439 2259 531 2311 bos
550 2259 720 2328 poscit.
744 2259 842 2310 En.
954 2313 991 2344 a

515 2355 603 2397 86.
632 2342 687 2393 T
682 2343 762 2393 ibe·
778 2341 1057 2414 quidnam,
1080 2353 1173 2396 etc.
1196 2343 1454 2410 Quomodo

440 2427 501 2480 ad
528 2427 801 2481 molliorem
827 2427 979 2480 vitam
996 2463 1013 2496 ,
1036 2445 1183 2497 quam
1206 2429 1310 2496 jam
1330 2444 1455 2497 puer

438 2523 489 2565 et
509 2521 653 2564 aetate
679 2509 893 2563 validior
923 2511 1178 2579 praecipis,
1204 2528 1327 2563 nova
1352 2511 1449 2564 tibi

440 2597 493 2648 in
513 2595 685 2649 morbo
702 2594 867 2664 aliquo
884 2593 963 2646 vel
984 2596 1038 2646 in
1056 2602 1305 2647 senectute
1322 2611 1452 2648 accc·

436 2680 553 2732 dere
570 2688 731 2748 potest
746 2677 1031 2747 jucunditas
1044 2675 1205 2728 ?1nam
1220 2677 1452 2744 jucundi—

437 2775 512 2818 tas
534 2763 621 2816 illa
639 2765 743 2832 jam
770 2773 1009 2834 praecepta
1032 2772 1126 2815 est.
1152 2791 1222 2800 —-
1238 2779 1450 2832 prasu-

436 2847 549 2906 mis,
572 2857 688 2899 ante
706 2856 899 2916 tempus
920 2845 1094 2898 sumis.
1118 2845 1453 2898 Exn—Dum

432 2929 693 2990 valetudo,
716 2931 772 2983 in
788 2947 888 3002 qua
907 2946 1084 3000 corpus
1107 2926 1453 2983 luculentiori·-

436 3016 528 3067 bus
548 3015 673 3067 cibis
696 3013 1014 3067 reficiendum
1038 3022 1133 3066 est.
1156 3011 1254 3064 En.

510 3111 596 3154 89.
640 3096 929 3152 Rancidum
954 3115 1071 3168 apr.
1096 3097 1309 3168 antiqui
1334 3095 1455 3148 lau-

436 3183 631 3237 dabant
642 3201 661 3247 ,-
676 3182 779 3250 jam
802 3181 1131 3248 frugalitatem
1146 3181 1454 3233 commendat

438 3284 501 3319 ex
520 3266 761 3331 majorum
788 3264 1030 3334 exemplo.
1059 3261 1277 3334 Aliquod
1308 3273 1447 3328 erat,

438 3360 495 3403 ut
523 3351 735 3420 videtur,
768 3349 937 3402 Roma
968 3358 1107 3401 vetus
1136 3347 1451 3416 proverbium

434 3435 499 3488 de
520 3435 719 3488 rancido
734 3449 883 3502 apro3
908 3449 1028 3502 aper
1050 3433 1297 3498 rancidus,
1320 3433 1374 3485 h.
1396 3449 1443 3485 e.

435 3528 636 3590 propter
670 3528 957 3572 vetustatem
989 3518 1091 3586 jam
1125 3517 1316 3588 aliquid
1352 3535 1448 3588 pu-

438 3602 529 3656 tidi
558 3603 697 3656 olens
712 3640 727 3665 ‚
757 3602 1051 3655 laudabatur
1072 3610 1132 3653 ut
1152 3601 1451 3668 frugalitatis

438 3686 673 3739 indicium
698 3705 709 3736 :
754 3685 873 3755 quia
912 3685 963 3737 id
1004 3695 1109 3738 erat
1146 3683 1276 3752 signi
1319 3685 1453 3738 hunc

436 3787 608 3838 aprum
620 3769 797 3838 sapius
806 3785 987 3821 mensae
996 3770 1274 3839 appositum
1285 3770 1452 3834 fuisse,

438 3862 490 3906 ct
508 3853 757 3906 frmtatim
772 3853 957 3924 diuque
970 3872 1235 3908 comesum.
1262 3855 1359 3908 En.
1378 3849 1451 3898 ἰ·-

440 3952 543 3987 non
581 3935 710 4005 quia
744 3953 905 3986 nasus
943 3936 1061 3988 Illis
1094 3939 1280 3991 nullus
1304 3951 1446 3999 emt,

440 4035 535 4079 nou
554 4019 673 4090 quia
692 4018 883 4073 rancidi
898 4020 1047 4075 odore
1064 4021 1447 4086 delectarentur,

1528 1766 1613 1809 aut
1636 1757 1824 1810 nullum
1851 1758 1914 1810 ad
1935 1773 2044 1810 eam
2061 1756 2421 1828 percipiendam
2438 1773 2534 1811 ns·-

1527 1859 1636 1892 sum
1659 1841 1919 1896 haberent.
1936 1839 2216 1893 iza—hac
2236 1854 2418 1901 mente,
2437 1851 2530 1894 etc.
2559 1851 2564 1856 “

1527 1925 1643 1977 Rati
1669 1927 1855 1978 scilicet
1876 1925 2197 1990 commodius,
2213 1929 2536 1996 opportunius

1529 2024 1634 2060 esse
1658 2008 1792 2061 hunc
1811 2025 1984 2078 aprum
2003 2010 2119 2062 licet
2139 2011 2394 2072 vnio-mm,
2415 2011 2538 2064 vitio

1525 2093 1645 2145 mali
1672 2094 1837 2147 odoris
1865 2103 2144 2161 corruptum
2162 2130 2177 2160 ,
2199 2094 2448 2145 rancidum
2470 2095 2536 2146 ab

1525 2175 1721 2245 hospite
1753 2175 1940 2228 tardius
1983 2175 2270 2227 adveniente
2308 2175 2530 2238 comedi,

1521 2273 1671 2328 quam
1697 2259 1761 2311 ab
1787 2259 1893 2328 ipso
1912 2258 2112 2311 domino
2141 2259 2430 2327 integr-um,
2455 2275 2534 2311 re-

1523 2353 1714 2396 centem
1757 2361 1814 2396 ae
1844 2353 2003 2396 totum
2021 2379 2037 2406 ,
2067 2343 2307 2395 consumi.
2341 2343 2440 2394 En.
2461 2372 2534 2382 -

1523 2425 1677 2486 edax,
1701 2427 1914 2494 gulosus,
1933 2426 2022 2496 qui
2055 2435 2208 2478 totum
2235 2441 2430 2494 aprum,
2452 2443 2536 2478 re-

1523 2519 1732 2578 centem,
1749 2508 2007 2576 citissime,
2035 2519 2298 2579 antequam
2327 2509 2533 2563 vitiare-

1524 2602 1622 2661 tur,
1639 2603 1965 2645 consumeret.
1989 2593 2084 2644 En.

1597 2687 1661 2730 92
1673 2717 1684 2728 .
1709 2677 1819 2728 Hos
1837 2679 2034 2729 utinam
2055 2679 2194 2730 inter·
2205 2680 2406 2732 Heroas
2423 2693 2529 2732 nat.

1528 2759 1712 2812 Tellus
1746 2777 1826 2811 me
1857 2763 2032 2832 pn‘tna
2063 2762 2296 2815 tulisset!
2331 2763 2530 2816 Utinam

1521 2843 1752 2896 vixissem
1789 2854 1932 2897 aetate
1969 2845 2056 2897 illa
2091 2845 2336 2900 Hernica!
2376 2846 2534 2916 Lepi-

1523 2928 1728 2981 dissime
1744 2929 2011 2998 optationis
2029 2931 2316 2984 exclamatio
2328 2967 2347 2996 ,
2365 2931 2420 2984 in
2437 2949 2536 3001 qua

1523 3011 1762 3066 Horatius
1784 3013 1960 3065 heroas
1981 3025 2118 3066 vocat
2141 3015 2381 3081 majores,
2403 3013 2534 3083 quod

1525 3097 1646 3151 adeo
1671 3097 1843 3151 luxum
1874 3115 2070 3151 omnem
2096 3098 2152 3151 in
2183 3099 2312 3150 victu
2335 3099 2533 3165 ignora-

1521 3181 1673 3250 bant,
1697 3193 1754 3233 ut
1781 3183 2034 3234 rancidum
2061 3199 2234 3252 aprum
2255 3183 2526 3235 laudarent.

1521 3261 1617 3316 En.
1636 3291 1709 3302 —-
1734 3263 1919 3316 Tellus
1943 3265 2113 3337 prima
2127 3301 2146 3326 ,
2169 3275 2286 3318 tutas
2306 3265 2528 3336 antiqua.

1521 3345 1654 3399 Nam
1677 3347 1730 3399 in
1751 3349 1926 3416 primis
1951 3351 2274 3419 temporibus,
2297 3350 2444 3402 tellus
2457 3351 2536 3419 ju-

1522 3428 1634 3480 nior
1665 3430 1782 3482 fuit.
1817 3431 1914 3483 En.
1951 3433 2100 3503 Supr.
2129 3434 2232 3485 Sat.
2252 3433 2280 3486 1
2299 3471 2314 3498 ,
2345 3445 2406 3501 3,
2429 3445 2529 3488 92:

1525 3511 1722 3580 «Quum
1742 3527 2094 3586 prorepserunt
2109 3516 2284 3587 primis
2301 3517 2534 3570 animalia

1524 3597 1688 3651 terris.
1714 3618 1741 3648 ιι
1769 3597 1871 3652 Ubi
1887 3601 1958 3652 cf.
1981 3610 2084 3653 not.

1599 3694 1684 3736 9⁴.
1719 3684 1832 3737 Das
1865 3683 2282 3759 als‘aeyucilfiunae,
2308 3697 2414 3755 post
2447 3701 2532 3737 va·-

1523 3766 1760 3820 letudinis
1795 3787 1996 3834 cutum,
2037 3773 2100 3822 ad
2141 3771 2321 3823 samam
2357 3767 2531 3822 transit

1524 3861 1702 3920 pocta:
1743 3854 1876 3922 quod
1916 3854 1963 3905 si
2001 3853 2090 3906 das
2128 3853 2316 3923 aliquid
2353 3851 2526 3914 famas,

1520 3935 1695 4005 quodsi
1717 3947 1768 3989 te
1799 3937 1953 4004 tangit
1976 3955 2091 3992 cura
2116 3939 2255 3989 samo
2276 3947 2370 3988 tuae
2387 3973 2402 3999 ,
2418 3951 2531 4005 quas

1522 4021 1656 4074 omni
1683 4021 1928 4077 cantilena
1966 4021 2153 4090 gratior
2185 4023 2247 4074 ad
2275 4021 2532 4076 hominum
