3000 4684
512 369 658 456 344

1082 365 1168 452 Q.
1217 363 1635 432 HORATII
1683 363 2034 432 FLACCI

605 508 742 597 Qui
774 502 1013 574 melior
1044 526 1237 573 servo
1256 555 1277 590 ,
1306 503 1421 596 qui
1451 498 1731 571 liberior
1764 500 1848 569 sit
1881 521 2152 585 avaruS,

502 629 585 694 Iu
619 623 832 692 triviis
867 620 1069 689 fixum
1104 643 1309 713 quum
1342 641 1413 687 se
1447 615 1744 686 demittit
1775 615 1864 684 ob
1897 637 2147 702 assem,

505 745 661 814 Non
694 740 935 838 videm·
960 763 1119 807 nam
1146 739 1260 831 qui
1289 737 1550 830 cupiet,
1581 749 1836 804 metuet
1859 757 2158 828 quoque3
2187 753 2396 826 porro

2513 727 2596 786 65

500 861 639 949 Qui
672 855 973 950 metuens
1005 856 1217 942 vivet,
1250 853 1425 924 liber
1455 854 1626 923 mihi
1661 876 1800 921 non
1834 851 1966 921 erit
1997 872 2316 946 unquam.

503 959 1029 1068 Perdiditjarma
1046 1025 1065 1062 ,
1098 968 1319 1041 locum
1352 971 1619 1040 virtutis
1652 968 1983 1058 deseruit,
2015 968 2133 1063 qui

504 1095 783 1187 Sempe-r
812 1094 885 1162 in
918 1089 1225 1186 augenda
1258 1089 1536 1159 festinat
1563 1103 1634 1158 et
1667 1089 1976 1158 obruitur
2007 1111 2104 1156 re.

500 1195 817 1280 'Vendere
850 1229 1053 1304 quum
1087 1209 1297 1304 possis
1328 1208 1664 1302 captivum
1683 1259 1702 1298 ,
1736 1206 2046 1279 occidere
2077 1202 2256 1276 noli:

504 1329 763 1399 Serviet
792 1326 1081 1398 utiliter:
1116 1327 1259 1397 sine
1292 1340 1522 1421 pascat
1551 1325 1757 1396 durus
1789 1339 2100 1420 aretque3

503 1443 825 1539 Naviget,
857 1467 937 1514 ac
968 1441 1208 1513 mediis
1242 1441 1493 1512 hiemet
1526 1457 1865 1512 mercator
1895 1439 2242 1531 inundis3

498 1565 803 1633 Annonae
836 1563 1085 1657 prosit3
1120 1575 1347 1657 portet
1382 1559 1720 1632 frumenta
1755 1585 2120 1657 penusque.

496 1681 627 1749 Vir
652 1681 867 1750 bonus
894 1696 961 1749 et
986 1679 1251 1774 sapiens
1277 1677 1552 1749 audebit
1581 1678 1807 1750 dicere
1831 1679 2276 1750 x—Pentheu
2293 1730 2314 1767 ‚

572 1867 659 1918 6³.
704 1865 819 1932 Qui
837 1864 1017 1918 melior·
1035 1881 1173 1917 servo
1189 1899 1206 1924 ‚
1242 1875 1338 1918 ete.
1372 1862 1510 1932 Qum

500 1949 644 2002 modo
660 1966 852 2016 avarus,
862 1967 1014 2021 quum
1028 1949 1157 2002 seob
1174 1965 1331 2002 assem
1344 1948 1398 2001 in
1413 1948 1506 2001 tri-

498 2033 597 2085 viis
623 2035 776 2086 fixum
806 2033 1057 2099 demittit,
1084 2050 1224 2086 servo
1254 2033 1431 2085 melior
1458 2043 1512 2086 et

497 2117 705 2170 liberior
722 2118 789 2168 sit
806 2153 820 2178 ,
843 2134 941 2168 non
960 2117 1102 2168 video
1121 2135 1137 2182 ;
1162 2116 1342 2184 repetit
1361 2116 1513 2183 igitur

499 2209 643 2268 poeta
661 2200 951 2252 sententiam
969 2216 1106 2268 supr.
1130 2197 1289 2266 Epist.
1306 2199 1361 2250 X.
1374 2235 1391 2266 ,
1417 2209 1509 2262 47,

449 2341 461 2354 ¹
500 2294 554 2336 et
566 2282 745 2351 passim
762 2281 1057 2352 propositam
1075 2318 1090 2348 ,
1098 2281 1375 2353 pecuniam
1386 2302 1514 2336 ava-

505 2367 606 2426 ris,
627 2366 858 2418 utservis
874 2365 1010 2427 mis,
1036 2364 1297 2435 bnpemre.
1326 2365 1404 2416 Ex
1418 2365 1512 2432 boc

498 2448 609 2500 loco
624 2446 859 2500 discimus
872 2485 889 2514 ,
916 2463 1092 2515 pueros
1113 2447 1243 2515 apud
1264 2445 1512 2500 Romanos

504 2548 729 2584 nummos
758 2531 811 2583 in
840 2529 944 2583 solo
972 2531 1135 2584 lutove
1162 2531 1356 2584 vinculo
1382 2550 1512 2603 quo-

501 2616 613 2668 dam
634 2615 797 2666 fixisse
816 2652 833 2676 ,
862 2623 919 2664 ut
940 2651 957 2682 ,
982 2630 1137 2684 quum
1161 2625 1514 2683 praetereuntes

502 2699 683 2752 frustra
714 2699 889 2750 affixos
927 2715 1151 2751 nummos
1183 2697 1357 2752 tollere
1385 2697 1512 2752 velle

499 2782 727 2834 viderent
740 2819 754 2845 ,
774 2780 969 2832 ridendi
980 2781 1221 2833 haberent
1230 2783 1506 2847 materiem,

498 2865 638 2918 Pers.
654 2865 724 2933 V,
747 2876 768 2916 1
783 2876 864 2917 n:
886 2885 913 2913 α
930 2864 1089 2935 Inque
1110 2865 1212 2918 luto
1231 2865 1382 2918 fixum
1398 2883 1512 2935 pos-

500 2949 569 3001 sis
586 2947 927 3002 transcendere
949 2963 1222 3006 nummum.
1250 2967 1277 2996 υ

577 3045 661 3088 67.
690 3029 919 3085 Ρεηίίᾰίι
936 3048 1112 3092 amna,
1143 3030 1323 3099 abjecit
1344 3047 1512 3096 arma,

500 3118 683 3187 quibus
692 3135 779 3170 con
786 3127 860 3168 tra
872 3115 1013 3178 vitis,
1040 3103 1331 3168 nominatii‘n
1344 3126 1515 3168 eontra

503 3199 757 3252 avaritiam
774 3239 789 3263 ,
821 3199 1032 3268 pugnari
1055 3197 1203 3250 debet
1215 3217 1232 3264 ;
1258 3215 1347 3267 per
1370 3217 1516 3250 anna

500 3284 721 3351 intellige
742 3283 944 3335 virtutis
964 3292 1225 3352 praeeepta.
1254 3312 1322 3321 -
1344 3283 1514 3334 locum

503 3369 713 3420 vitastis
730 3365 955 3418 deseruit
972 3401 989 3424 ,
1017 3363 1207 3427 locum,
1241 3365 1329 3416 ubi
1358 3365 1514 3419 virtus

502 3451 723 3504 exemeri
737 3449 904 3514 debet,
922 3446 1141 3499 deseruit
1158 3446 1306 3498 bomo
1318 3462 1512 3511 avarus,

500 3536 587 3605 qui
607 3535 797 3587 divitiis
816 3549 1011 3600 semper
1032 3531 1266 3598 augendis
1287 3531 1513 3598 insudat,

502 3631 553 3671 et
575 3621 647 3674 rei
678 3615 973 3687 pecuniarias
1005 3613 1356 3684 amplificandas
1382 3616 1514 3667 euris

503 3721 557 3756 ac
575 3702 783 3770 negotiis
799 3701 1042 3754 obruitur.
1061 3701 1355 3753 Locutiones
1371 3718 1516 3752 arma

497 3784 729 3856 perdere,
740 3783 969 3839 deserere
980 3786 1167 3845 locum,
1188 3785 1241 3838 h.
1258 3801 1305 3838 e.
1324 3785 1506 3845 aciem,

499 3869 758 3920 stationem
772 3867 847 3920 vel
864 3869 1018 3938 signa
1040 3870 1189 3937 (apud
1206 3867 1407 3922 Graecos
1424 3874 1514 3918 λιι-

503 3949 759 3998 ποτοικτιῖν
771 3951 807 4018 ),
826 3951 1072 4016 eleganter
1092 3949 1335 4002 translatae
1352 3961 1467 4002 sunt
1485 3969 1512 4000 a

505 4029 703 4081 militia.

1656 1876 1742 1920 οὓς
1762 1863 1992 1918 Vendere
2003 1866 2360 1939 quumposn's,
2381 1873 2481 1920 etz.
2497 1863 2598 1920 nic

1581 1949 1714 2003 louis
1745 1967 1844 2003 non
1877 1949 2024 2003 facile
2051 1949 2262 2016 intelligi
2297 1958 2350 2002 et
2378 1949 2594 2017 proeeed.

1581 2034 1827 2086 eohaerere
1843 2049 1987 2102 posse
2000 2032 2210 2086 videtur.
2230 2031 2336 2098 Ego
2351 2032 2424 2084 sie
2435 2031 2596 2100 expli-

1583 2117 1729 2170 mbo:
1749 2115 1942 2170 Avarus
1956 2115 2173 2186 pemnioe
2187 2116 2355 2180 servit,
2373 2124 2428 2167 et
2435 2114 2491 2166 in
2503 2131 2603 2167 nu-

1581 2217 1720 2254 mero
1738 2201 2037 2269 eaptivorum
2057 2196 2310 2250 habendus
2333 2207 2438 2263 est,
2467 2213 2600 2265 quos

1581 2285 1787 2338 arbitrio
1815 2294 1898 2336 tuo
1927 2283 2109 2336 vendas
2145 2291 2230 2334 aut
2255 2279 2460 2334 occidas.
2495 2279 2602 2332 1110

1581 2377 1742 2420 autem
1781 2365 2113 2432 tantummodo
2155 2364 2450 2416 occidendus
2483 2373 2562 2415 est

1581 2449 1666 2520 qui
1695 2448 1846 2501 animi
1873 2447 2126 2502 ferocitate
2146 2446 2349 2500 servitio
2377 2462 2478 2500 non
2500 2462 2598 2514 po:-

1581 2543 1680 2588 test
1700 2531 2071 2586 aoeommodsri.
2103 2530 2292 2585 Avarus
2311 2539 2479 2583 autem
2500 2547 2596 2582 eu·-

1583 2615 1790 2686 piditate
1808 2615 1929 2667 adeo
1951 2613 2006 2666 in
2024 2614 2261 2666 servitute
2277 2612 2594 2682 deprimitur,

1585 2709 1644 2752 ut
1662 2699 1724 2752 ad
1743 2697 2000 2768 quodlibet
2013 2697 2191 2750 servile
2211 2697 2430 2750 officim
2453 2711 2593 2750 exse·

1582 2783 1832 2854 quendum
1847 2767 2158 2852 paratus'sit3
2178 2791 2236 2834 ut
2247 2781 2459 2834 libenter
2467 2780 2597 2832 dure

1584 2866 1744 2934 vivat,
1757 2877 1864 2919 aret
1876 2875 1930 2917 et
1941 2883 2110 2919 omnes
2123 2865 2338 2934 denique
2345 2879 2596 2916 servorum

1583 2951 1776 3004 labores
1787 2954 1951 3008 obeat.
1975 2950 2047 3003 At
2057 2949 2437 3019 homosapiens,
2455 2963 2598 3002 suam

1585 3052 1780 3104 semper
1795 3034 2076 3088 libertatem
2097 3035 2334 3096 retinens,
2356 3032 2479 3084 nulli
2497 3047 2599 3084 ser-

1586 3119 1684 3185 vit,
1703 3135 1767 3170 ne
1784 3117 1981 3186 tyranni
2003 3115 2204 3188 quidem
2229 3114 2379 3167 minis
2396 3123 2446 3165 et
2469 3113 2596 3166 truci

1585 3201 1797 3255 arbitrio
1821 3217 1876 3252 se
1909 3200 2084 3267 subjici
2121 3197 2258 3249 sinit.
2285 3195 2380 3247 En.
2402 3221 2473 3234 --
2493 3211 2598 3247 ca-

1575 3268 1790 3356 pavum}
1813 3283 1969 3335 facete
1986 3297 2191 3339 avarus,
2205 3290 2262 3331 ut
2274 3279 2491 3331 desertor
2502 3280 2598 3331 vir-

1585 3367 1706 3419 tutis
1721 3375 1774 3419 et
1789 3382 1956 3418 servus
1975 3363 2190 3432 pecuniae
2211 3371 2408 3415 vocatur
2424 3364 2604 3432 capti-

1590 3467 1711 3514 vus,·
1739 3448 1916 3518 captivi
1937 3457 2100 3500 autem
2127 3454 2225 3495 tam
2242 3445 2392 3496 vendi
2410 3484 2426 3510 ,
2451 3462 2600 3515 quam

1585 3535 1737 3588 occidi
1758 3541 1999 3602 poterant.
2022 3558 2093 3569 -——
2109 3528 2309 3590 durus,
2331 3528 2448 3582 duri
2465 3530 2601 3583 labo-

1588 3617 1658 3670 ris
1675 3618 1866 3688 patieus
1886 3636 1900 3683 3
1930 3627 1984 3666 ut
2001 3633 2139 3684 supr.
2162 3615 2326 3684 Epist.
2349 3615 2374 3666 1
2389 3653 2404 3678 ,
2430 3625 2477 3680 ⁷,
2497 3623 2556 3665 91
2579 3631 2592 3663 :

1589 3722 1616 3749 «ι
1635 3701 1828 3770 Durus,
1850 3703 1951 3764 ait,
1967 3701 2142 3752 Vultei
2159 3739 2174 3763 ‚
2197 3701 2345 3752 nimis
2361 3707 2596 3750 attentus-

1585 3804 1683 3855 que
1700 3787 1884 3840 videris
1902 3787 2025 3839 Esse
2046 3785 2191 3838 mihi.
2214 3783 2564 3834 n-—Annonoe
2576 3818 2594 3841 ,

1589 3871 1660 3922 rei
1687 3869 2038 3924 frumentarias.

1661 3963 1744 4026 ¹13.
1781 3953 1880 4004 Vir
1890 3951 2055 4004 bonus
2069 3963 2118 4004 ee
2128 3951 2354 4022 sapiens.
2373 3951 2598 4020 Respon-

1583 4035 1666 4083 det
1686 4031 1768 4085 hic
1789 4053 1958 4086 versus
1987 4043 2036 4085 et
2061 4051 2196 4103 seqq.
2225 4034 2388 4086 versui
2419 4043 2484 4084 8¹1
2503 4072 2517 4097 ,
2547 4043 2600 4083 et
