3000 4684
998 387 1129 456 DE
1178 387 1453 456 ARTE.
1476 386 1931 492 PossricA.
2379 386 2536 484 4³7-
2663 465 2672 472 ,

430 538 855 630 pronuntiare
886 537 1068 603 facile
1102 553 1229 614 est;
1262 537 1407 624 quis
1438 559 1602 603 vero
1631 536 2160 624 pretiosissimum
2191 537 2350 604 illud
2381 565 2520 607 mu-

431 672 578 728 nus,
605 672 642 713 a
662 663 889 714 natura
914 663 1245 736 negatum,
1274 645 1496 712 dabit?

522 761 603 824 Ut
620 779 857 844 pueros
870 771 1144 846 propter
1160 754 1596 843 ignorantiam
1621 753 2032 829 temerarios3
2063 752 2152 818 sic
2180 756 2530 822 nonnullos

430 883 729 932 auctores
746 865 1053 954 reperias,
1077 863 1343 952 puerilis
1364 862 1578 929 adhuc
1601 863 1867 954 ingenii,
1893 862 2008 952 qui
2025 863 2266 932 viribus
2281 867 2524 951 majora

433 977 735 1044 audeant.
770 980 1191 1064 Quapropter
1215 998 1327 1040 eos
1356 973 1660 1063 privatim
1687 988 1914 1040 monet
1943 977 2197 1054 Noster,
2227 997 2313 1041 ne
2337 975 2526 1063 quid-

432 1109 625 1174 quam
654 1103 885 1154 curent
906 1107 1323 1172 componere,
1354 1085 1536 1172 prius
1557 1105 1752 1171 qnam
1773 1083 2026 1170 experti
2042 1083 2266 1150 sedulo
2285 1085 2528 1150 fuerint

437 1227 467 1255 ιι
497 1197 657 1285 quid
682 1197 853 1262 ferre
878 1195 1136 1262 valeant
1160 1194 1453 1270 humeri3
1488 1221 1518 1253 n
1551 1213 1638 1258 ne
1659 1215 1801 1258 rem
1825 1191 2136 1280 deligant,
2169 1212 2365 1280 quam
2385 1216 2524 1259 non

432 1307 543 1372 diu
580 1305 1051 1394 perpenderint
1088 1304 1534 1392 versarintque
1579 1302 1798 1368 animo
1821 1350 1842 1380 ,
1885 1318 1954 1368 et
1997 1303 2088 1367 ita
2129 1303 2525 1390 exploratam

430 1429 957 1503 perspectamque
993 1413 1343 1479 habuerint
1362 1459 1381 1492 ,
1416 1427 1492 1477 ut
1528 1433 1844 1498 nusquam
1881 1413 2160 1500 impares
2195 1411 2522 1480 deficiant.

428 1525 695 1592 Juvenis
717 1539 935 1590 autem
956 1571 974 1603 ,
1012 1523 1125 1610 qui
1164 1543 1290 1588 nec
1326 1543 1433 1586 res
1454 1520 1694 1607 quibus
1716 1519 1788 1586 in
1809 1519 2038 1584 mediis
2060 1534 2374 1598 versatur,
2400 1543 2526 1586 nec

428 1633 840 1720 semetipsum
872 1631 1023 1698 satis
1056 1631 1225 1696 bene
1255 1629 1443 1697 novit
1461 1675 1480 1709 ,
1517 1645 1584 1693 et
1605 1629 1822 1696 omnia
1857 1629 2008 1696 ideo
2033 1628 2240 1696 facilia
2267 1651 2344 1694 ac
2375 1651 2524 1716 per-2

428 1741 647 1828 spicua
668 1757 880 1829 putat,
901 1739 1081 1828 quod
1098 1756 1216 1806 usu
1230 1754 1297 1805 et
1314 1737 1714 1826 experientia
1739 1761 2076 1824 nunquam
2097 1738 2368 1804 edoctus
2385 1738 2524 1804 fue-

430 1851 555 1928 rit3
591 1851 925 1937 quomodo
960 1849 1205 1916 certior
1234 1849 1375 1914 fieri
1404 1863 1630 1940 queat,
1663 1869 1734 1914 se
1757 1849 1890 1914 suis
1907 1847 2156 1914 viribus
2173 1869 2312 1914 non
2330 1848 2525 1926 nimis

428 1957 749 2022 confisum
766 2003 785 2035 ,
822 1977 1037 2044 neque
1070 1956 1141 2022 in
1174 1955 1520 2043 deligenda
1549 1956 1820 2022 materia
1837 2003 1856 2034 ,
1887 1977 2084 2044 quam
2113 1956 2524 2024 tractandam

428 2066 735 2153 suscepit,
760 2065 1227 2132 hallucinatum
1254 2063 1487 2132 fuisse?

516 2175 641 2239 Fac
660 2187 879 2238 tamen
894 2195 1047 2238 eum
1066 2171 1137 2236 in
1152 2169 1283 2238 hoc
1302 2193 1341 2236 a
1362 2171 1580 2257 primo
1602 2170 1814 2258 gradu
1830 2192 1968 2236 non
1993 2173 2354 2260 impegisse3
2373 2188 2524 2240 sunt

423 2283 617 2350 etiam
642 2283 849 2348 multa
869 2282 995 2349 alia
1025 2303 1170 2368 quae
1204 2278 1685 2376 desiderentur.
1721 2285 2074 2368 Postquam
2107 2295 2250 2348 rem
2287 2281 2480 2370 elegit
2499 2319 2522 2364 ,·

420 2391 825 2480 electamque
858 2390 1175 2479 disposuit
1206 2388 1293 2455 ita
1311 2435 1331 2468 ,
1370 2405 1445 2456 ut
1478 2404 1684 2456 totam
1721 2411 1864 2455 eam
1887 2437 1905 2469 ,
1943 2411 2138 2486 quam
2169 2405 2388 2458 mente
2413 2413 2525 2478 ap·

426 2502 635 2588 prime
671 2516 851 2568 tenet
878 2517 945 2566 et
974 2499 1455 2587 complectitur,
1490 2498 1846 2586 legentium
1882 2498 2084 2566 oculis
2113 2499 2300 2566 facile
2323 2499 2524 2588 possit

424 2608 711 2676 dicendo
740 2609 1059 2694 subjicere
1076 2653 1095 2688 ,
1132 2607 1369 2674 subtile
1406 2623 1474 2674 et
1509 2609 1898 2697 exquisitum
1935 2631 2076 2676 non
2111 2610 2332 2676 minus
2351 2609 2522 2694 judi·

425 2713 598 2780 cium
616 2761 635 2794 ,
670 2715 739 2780 in
767 2717 1119 2788 verborum
1146 2717 1403 2785 delectu
1422 2761 1441 2796 ,
1465 2716 1616 2789 loco
1639 2734 1706 2786 et
1716 2721 2022 2802 junctura
2043 2763 2060 2796 ,
2083 2715 2390 2786 adhibeat
2407 2743 2520 2788 neo.

424 2848 601 2892 cesse
626 2842 743 2892 est.
784 2826 906 2892 Hic
940 2827 1267 2916 paulisper
1302 2827 1667 2916 digreditur
1701 2829 2006 2894 Horatius
2023 2873 2040 2906 ,
2077 2827 2162 2892 ad
2193 2832 2518 2898 Romanos

424 2955 652 2999 omnes
686 2934 937 3022 potius,
974 2957 1169 3023 quam
1205 2935 1289 3000 ad
1328 2935 1598 3001 Pisones
1633 2935 1808 3002 solos
1849 2934 2230 3024 respiciens;
2279 2939 2518 3023 probat

422 3040 665 3108 scilicet
686 3044 885 3108 verba
909 3065 1095 3131 piene
1121 3044 1414 3112 obsoleta
1430 3091 1451 3126 ,
1488 3044 1862 3112 verecunde
1895 3061 1964 3110 et
1989 3045 2314 3133 sapienter
2335 3069 2514 3114 usur·

422 3151 563 3240 pari
594 3175 816 3242 posse,
844 3152 993 3220 vilia
1016 3153 1349 3222 nobilitari
1372 3201 1389 3234 ,
1424 3177 1600 3220 nova
1631 3153 1928 3242 quiedam
1961 3154 2148 3243 fingi,
2177 3170 2302 3222 etc.
2335 3171 2404 3221 et
2425 3157 2514 3224 sic

420 3279 753 3348 postremo
779 3263 1133 3344 concludit,
1164 3281 1237 3330 ut
1266 3264 1351 3330 ad
1380 3287 1481 3345 ea,
1507 3265 1744 3354 quibus
1765 3266 1970 3332 utitur
1986 3266 2214 3344 verba,
2231 3281 2516 3353 nequeat

422 3365 767 3454 diligenter
798 3370 951 3436 satis
982 3371 1320 3437 attendere
1350 3373 1660 3462 scriptor,
1693 3373 1900 3439 laudis
1919 3397 2059 3440 non
2094 3396 2312 3440 secum
2346 3375 2516 3462 peri-

423 3489 581 3538 turae
616 3478 923 3566 cupidum
958 3480 1161 3548 immo
1200 3497 1431 3569 optare
1474 3483 1712 3550 debeat
1748 3505 2112 3552 sermonem
2131 3529 2152 3564 ,
2187 3507 2320 3571 quo
2357 3485 2515 3571 quid

417 3584 667 3668 scribit,
692 3589 813 3654 sibi
839 3592 1245 3678 superstitem
1268 3615 1407 3660 non
1432 3593 1542 3660 diu
1565 3594 1730 3661 fore.
1760 3596 2012 3662 Etenim
2035 3595 2086 3660 si
2107 3595 2193 3662 ad
2213 3609 2510 3662 nostrum

418 3717 621 3783 usque
650 3711 902 3785 tempus
928 3700 1192 3768 latinam
1216 3703 1504 3793 linguam
1532 3704 1674 3770 Itali
1701 3705 2111 3772 retinuissent
2129 3753 2147 3786 ,
2175 3705 2512 3794 Virgilium

416 3806 887 3897 Horatiumque
902 3833 1039 3878 non
1062 3813 1305 3880 facilius
1324 3815 1497 3881 Italis
1523 3813 1722 3881 hodie
1737 3815 2098 3882 intellectos
2117 3816 2200 3882 iri
2223 3815 2514 3882 credide-

416 3915 540 3982 rim
562 3965 580 3996 ,
622 3941 817 4006 quam
852 3945 1031 3990 nunc
1060 3926 1400 3996 Germanis
1430 3939 1656 4012 poetas
1693 3925 2102 4012 imperatoris
2135 3928 2398 3994 Henrici
2425 3931 2510 3994 vl

421 4040 805 4094 cooetaneos.

2119 4149 2234 4220 28⁸
