3000 4684
535 385 677 470 444
822 379 1423 451 PROOEMIUM
1458 381 1594 448 DE
1623 380 1875 449 ARTE
1909 379 2365 450 POETICA.

528 532 791 598 finiens.
820 557 839 594 z
873 554 1089 619 neque
1118 531 1299 598 facile
1326 530 1716 598 crediderim
1748 531 2082 596 Horatium
2107 532 2228 596 sibi
2255 531 2430 596 aliud
2459 531 2622 618 quid

527 639 969 726 proposuissc3
1020 661 1101 705 eo
1142 661 1381 728 nempe
1421 639 1623 705 modo
1663 661 1814 706 cum
1856 640 2335 706 adolescentulo
2378 641 2624 706 Pisone

528 751 687 836 agit,
712 773 847 838 quo
867 751 1031 838 ipse,
1056 751 1109 815 si
1134 751 1367 838 sapies,
1388 771 1538 816 cum
1565 751 1776 816 tirone
1803 773 1880 816 ac
1905 750 2054 816 rudi
2073 765 2268 839 poeta
2289 751 2499 839 egeris
2519 775 2538 814 t
2569 753 2634 816 ei-

526 855 987 939 deterrebitur,
1006 859 1177 924 bene
1194 859 1319 924 erit
1338 883 1356 921 ε
1384 858 1485 924 sin
1507 875 1724 924 autem
1741 859 2205 946 perseverabit,
2227 874 2480 923 certum
2495 858 2628 923 erit

530 968 1017 1051 documentum,
1040 993 1189 1037 eum
1212 986 1434 1035 natum
1462 993 1620 1048 enee,
1653 986 1729 1036 ut
1751 985 1948 1059 poete
1967 970 2074 1050 sit,
2098 987 2208 1035 aut
2228 971 2510 1035 insanus.

612 1083 710 1144 Ita
753 1079 941 1168 hujus
986 1081 1071 1148 ad
1122 1082 1387 1147 Pisones
1430 1081 1738 1169 Epistoloe
1787 1081 2120 1147 consilium
2165 1081 2272 1147 Cl.
2327 1082 2632 1146 Wieloend

532 1205 913 1274 exposuerat
926 1237 943 1268 ,
979 1211 1179 1277 quum
1216 1188 1467 1277 publici
1491 1189 1660 1274 juris
1691 1190 1880 1254 factoe
1913 1204 2066 1254 sunt
2093 1189 2338 1253 abbatis
2359 1190 2634 1254 Galae'am‘

528 1312 703 1362 notae
730 1296 801 1362 in
830 1299 1153 1385 poeticam
1174 1301 1401 1364 Artem
1420 1345 1439 1376 ,
1474 1319 1672 1384 quam
1693 1299 1926 1364 ceteris
1943 1297 2240 1385 Epistolis
2261 1313 2435 1364 recte
2457 1319 2623 1385 quo·

530 1429 657 1495 que
684 1425 1103 1486 annumerat3
1134 1406 1249 1474 sed
1274 1409 1344 1473 in
1371 1407 1499 1472 hoe
1531 1408 1798 1488 fallitur,
1835 1424 1910 1473 ut
1933 1412 2022 1472 D.
2053 1423 2306 1474 nostrae
2321 1409 2622 1487 Baetem,

526 1517 709 1606 quod
745 1533 955 1585 totum
990 1519 1151 1584 inud
1182 1501 1570 1607 opusculum
1597 1519 1681 1584 ad
1703 1519 2122 1584 <immanem
2149 1517 2394 1606 poesim
2424 1519 2626 1607 perti-

526 1651 687 1693 nere
712 1645 993 1710 censeat,
1016 1646 1085 1696 et
1106 1630 1191 1696 ad
1210 1629 1594 1716 tragoediam
1609 1630 1682 1694 in
1703 1631 1956 1717 primis,
1979 1649 2112 1717 quo
2126 1651 2370 1717 nempe
2391 1629 2626 1695 morbo

530 1737 797 1803 Pisones
828 1739 919 1803 ait
952 1754 1207 1804 tantum
1242 1738 1610 1806 laborasse:
1647 1761 1774 1804 nec
1803 1741 2010 1806 levius
2029 1755 2262 1828 peccat
2283 1787 2300 1820 ,
2329 1741 2484 1804 dum
2507 1760 2628 1806 no-

528 1861 733 1912 strum
770 1847 1048 1914 affirmat
1080 1849 1166 1914 de
1202 1850 1433 1914 ceteris
1464 1871 1740 1937 poeseos
1771 1865 1842 1914 et
1877 1849 2174 1938 inprimis
2203 1849 2496 1914 Odarum
2517 1871 2630 1937 ge-

528 1956 794 2022 neribus
816 1979 905 2024 ne
924 1958 1129 2024 ullum
1150 1959 1415 2047 quidem
1437 1959 1714 2024 verbum
1737 1959 1990 2039 fecisse,
2013 1981 2382 2047 quanquam
2405 1960 2476 2022 in
2501 1957 2630 2023 hac

528 2061 664 2150 ipsa
688 2063 971 2150 Epistola
996 2066 1292 2154 leg-imus,
1316 2090 1385 2131 v.
1410 2068 1490 2131 83
1515 2089 1664 2154 sqq.
1694 2094 1724 2125 ι
1750 2071 1930 2132 Musa
1951 2065 2134 2133 dedit
2153 2066 2392 2132 fidibus
2415 2065 2628 2146 divos,

466 2201 469 2204 ⁴
530 2194 895 2262 puerosque
920 2177 1222 2256 deorum,
1242 2193 1373 2244 etc.
1402 2207 1431 2238 n
1460 2177 1664 2244 Nobis
1691 2193 1903 2242 tamen
1927 2177 2156 2264 religio
2185 2177 2378 2241 fuerit
2408 2176 2638 2265 vulga-

532 2281 701 2346 rium
728 2301 1309 2353 commentatorum
1344 2307 1618 2354 numero
1643 2285 1822 2353 hunc
1853 2286 2060 2350 virum
2092 2284 2485 2363 adscribere,
2510 2287 2638 2372 qui

530 2393 1137 2482 interpretationum
1202 2419 1460 2463 suarum
1527 2399 1810 2464 novitate
1867 2395 2272 2461 doctissimos
2329 2415 2650 2484 quosque
2719 2453 2737 2464 .

534 2505 889 2569 commovit
906 2553 926 2584 ‚
964 2505 1139 2571 haud
1176 2530 1327 2572 eane
1366 2509 1582 2572 minus
1619 2527 1812 2594 quam
1847 2527 1956 2571 eos
1990 2506 2166 2592 ipsos
2185 2553 2204 2585 ,
2245 2503 2361 2593 qui
2395 2505 2638 2572 saeculo

530 2631 742 2699 nuper
772 2613 986 2703 elapso
1016 2615 1671 2706 philosophabantur,
1708 2617 1972 2682 liberius
1999 2613 2434 2703 audaciusque
2459 2617 2638 2704 cog-i-

534 2735 663 2787 tata
695 2724 1095 2811 proferendo
1118 2728 1514 2815 perculerat.
1552 2726 1687 2793 Sed
1719 2727 2036 2790 fateamur
2063 2747 2324 2791 necesse
2352 2741 2448 2790 est
2483 2747 2632 2790 eum

536 2833 605 2898 in
632 2833 789 2900 locis
812 2836 1324 2905 intricatioribus
1356 2836 1750 2916 enodandis,
1787 2837 1948 2902 dum
1979 2835 2065 2900 ad
2104 2835 2415 2924 plurimos
2447 2857 2629 2909 usus,

536 2945 725 3012 nobis
745 2945 942 3013 hodie
968 2971 1107 3014 non
1131 2951 1281 3014 satis
1302 2950 1473 3014 bene
1498 2964 1716 3034 notoe,
1742 2947 2031 3034 respicit,
2069 2967 2108 3009 a
2139 2967 2297 3012 vero
2326 2944 2638 3033 genuino-

538 3077 666 3141 que
696 3077 883 3121 seneu
914 3056 1299 3145 plerumque
1320 3059 1654 3136 aberrare,
1679 3073 1754 3122 ut
1777 3057 1889 3144 qui
1923 3037 2096 3121 nova
2121 3053 2392 3121 eruendi
2419 3055 2638 3142 prose-

538 3164 856 3254 rendique
878 3167 947 3231 in
968 3167 1178 3232 lucem
1200 3167 1508 3254 cupidine
1535 3165 1792 3254 longius
1810 3165 2196 3253 abripiatur,
2217 3161 2453 3230 nedum
2470 3183 2639 3227 sem-²

536 3296 679 3364 per,
718 3290 793 3341 ut
827 3275 910 3340 de
951 3279 1187 3341 Nostro
1228 3277 1459 3342 Fabius
1477 3325 1495 3356 ,
1543 3275 1902 3342 felicissime
1937 3275 2145 3340 audax
2183 3273 2498 3339 videatur.

624 3383 899 3454 Alterius
942 3385 1135 3451 etiam
1180 3385 1708 3452 commentatoris
1723 3432 1742 3464 ,
1799 3386 1978 3469 cujus
2027 3382 2452 3448 temeritatem
2495 3402 2638 3446 non

538 3493 735 3556 semel
756 3494 967 3558 mirati
994 3515 1210 3559 sumus
1235 3494 1510 3560 Bentleii
1535 3495 1788 3561 scilicet·
1805 3493 2424 3574 animadversionem
2449 3509 2516 3559 et
2535 3513 2643 3558 va-

542 3600 786 3667 riorum
808 3617 1024 3682 notas,
1058 3625 1201 3692 quoe
1234 3605 1497 3670 maximi
1521 3621 1710 3670 erant
1741 3605 1968 3692 pretii,
1997 3604 2081 3669 ad
2103 3603 2346 3669 calcem
2373 3601 2642 3687 hujusce

540 3711 823 3798 epistolae
863 3713 933 3776 in
972 3716 1355 3781 Exeat-sibus
1395 3715 1822 3801 subjecimus,
1867 3713 2132 3802 singulis
2165 3713 2232 3776 in
2271 3713 2410 3800 ipso
2443 3725 2642 3774 notu-

542 3819 746 3888 larum
770 3839 1145 3888 nostrarum
1169 3842 1482 3892 contextu
1511 3824 1736 3890 sedulo
1764 3823 2082 3903 indicetiS,
2111 3821 2328 3911 quoad
2351 3841 2466 3910 per
2493 3817 2642 3882 hre-

542 3929 803 3996 vitatem
842 3932 1057 4009 licuit,
1096 3955 1181 3998 ne
1216 3935 1376 4021 quid
1405 3933 1758 4022 neglexisse
1795 3931 2157 4009 videamur,
2185 3929 2362 4062 quod
2395 3925 2478 3992 ad
2503 3923 2644 3991 hoc

542 4035 987 4103 illustrandum
1012 4063 1177 4126 opus
1200 4044 1506 4128 prodesse
1531 4057 1744 4130 queat.
