3000 4684
581 371 720 444 356
1134 369 1222 457 Q.
1274 369 1692 439 nonam
1741 371 2092 441 FLAccl

574 513 719 584 Nec
753 526 868 580 tua
901 505 1197 576 laudabis
1230 506 1485 600 studia,
1518 523 1632 578 aut
1663 506 1877 579 aliena
1909 509 2311 605 reprendes:

577 628 760 717 Nec,
789 647 990 717 quum
1023 623 1254 691 venari
1283 620 1461 693 volet
1492 622 1605 692 ille
1624 677 1644 715 ,
1676 641 1981 719 poemata
2017 651 2286 722 panges.
2579 637 2658 696 40

574 743 811 814 Gratia
840 741 939 812 sic
970 740 1253 810 fratrum
1288 741 1705 836 geminorum
1729 797 1748 832 ‚
1783 744 2180 837 Amphionis
2216 761 2414 840 atque

491 941 502 951 „
571 862 797 948 Zethi,
835 857 1149 946 dissiluit,
1188 858 1404 928 donec
1440 877 1742 954 suspecta
1779 885 2012 930 severo

571 979 911 1051 Conticuit
944 976 1106 1072 lyra.
1143 979 1483 1047 Fraternis
1519 979 1788 1048 cessisse
1825 995 2096 1073 putatur

569 1098 873 1169 Moribus
906 1095 1281 1190 Amphion:
1322 1111 1395 1165 tu
1429 1096 1592 1166 cede
1631 1099 1920 1192 potentis
1953 1100 2150 1168 amici

568 1215 861 1288 Lenibus
894 1212 1221 1307 imperiis;
1258 1215 1653 1306 quotiesque
1685 1214 1920 1285 educet
1950 1215 2019 1283 in
2051 1239 2246 1310 agros
2578 1215 2654 1282 ¹15

566 1329 799 1402 AEtolis
834 1345 1109 1398 onerata
1144 1325 1357 1424 plagis
1386 1328 1688 1424 jumenta
1725 1355 2050 1426 canesque
2073 1387 2092 1420 ‚

567 1449 811 1544 Surge,
845 1463 914 1516 et
944 1447 1321 1516 inhumanae
1354 1448 1612 1516 senium
1645 1447 1909 1544 depone
1941 1452 2308 1538 Camoenae,

562 1573 805 1639 Goenes
836 1584 912 1637 ut
938 1568 1190 1662 pariter
1226 1565 1571 1660 pulmenta
1600 1566 1945 1638 laboribus
1975 1584 2175 1638 emta.

662 1685 981 1757 Romanis
1013 1682 1310 1754 solemne
1342 1686 1504 1755 viris
1535 1711 1702 1782 opus
1720 1740 1738 1775 ‚
1774 1684 1935 1757 utile
1969 1687 2159 1756 famae

556 1887 721 1927 tonus
740 1887 790 1925 ec
806 1872 910 1932 ira,
932 1881 1012 1933 et,
1030 1871 1162 1940 quod
1182 1868 1294 1921 fidei
1319 1880 1413 1921 tuae
1431 1880 1482 1922 et
1500 1881 1572 1924 ta-

560 1955 833 2011 citurnitati
868 1955 1107 2006 creditum
1142 1961 1220 2005 est
1242 1991 1257 2016 ,
1308 1952 1573 2005 occultabis

564 2052 663 2096 tam
695 2041 835 2106 vino,
862 2051 1005 2108 quam
1038 2036 1115 2090 ira
1145 2052 1401 2098 accensus,
1435 2035 1488 2087 h.
1521 2055 1567 2089 e.

562 2144 722 2196 neque
750 2127 879 2176 inter
910 2123 1105 2192 pomula,
1134 2138 1293 2190 neque
1323 2117 1397 2172 ira
1422 2121 1572 2173 abre·-

564 2221 680 2278 ptus
715 2217 918 2271 reteges.
954 2203 1127 2256 Horat.
1159 2219 1293 2272 supr.
1324 2201 1419 2254 od.
1450 2203 1568 2265 111,

566 2305 655 2358 ΩΙ,
683 2291 744 2342 ad
763 2287 1097 2358 Amphomm,
1126 2304 1176 2338 v.
1203 2299 1266 2340 16
1288 2305 1299 2336 ε
1335 2307 1362 2335 α
1384 2287 1467 2339 Tu
1484 2305 1570 2339 sa..

562 2374 807 2444 pientiam
844 2369 1028 2436 Curas,
1064 2381 1115 2422 et
1152 2385 1381 2422 arcanum
1413 2373 1572 2438 jocoso

562 2455 835 2512 Consilium
874 2453 1052 2519 retegis
1083 2454 1247 2522 Lyaeo.
1275 2475 1302 2503 n
1340 2485 1409 2492 —-
1440 2456 1567 2508 vino

562 2554 739 2598 mnus,
760 2538 879 2589 infr.
906 2535 958 2587 in
976 2533 1133 2603 Espit.
1156 2535 1217 2588 ad
1232 2537 1336 2589 Pis.
1357 2555 1405 2588 v.
1429 2549 1561 2591 ⁴38:

565 2621 1565 2691 «Regesdicunturmultisurgerectssunis,

560 2711 629 2762 Et
644 2722 875 2780 torquere
892 2721 1029 2760 mero
1044 2745 1058 2772 ,
1089 2721 1234 2774 quem
1265 2709 1570 2774 perspexisse

561 2793 803 2844 laborant.
821 2809 847 2838 υ
869 2818 936 2844 -.-
952 2787 1063 2840 Nec
1080 2799 1172 2838 tua
1192 2787 1429 2839 ‘laudabis
1450 2800 1572 2840 stu-

562 2876 649 2929 dia
662 2911 678 2933 ,
698 2884 793 2927 etc.
814 2873 1079 2942 Nunquam
1101 2871 1153 2922 in
1173 2870 1273 2922 tuis
1290 2871 1464 2923 studiis
1485 2870 1568 2921 ul·—

562 2973 639 3013 tra
668 2958 863 3010 modum
899 2957 1151 3025 pertinax,
1193 2955 1369 3006 alienis
1406 2956 1570 3007 obstes

561 3039 911 3096 voluntatibus.
931 3067 1002 3077 —-
1017 3039 1129 3097 ille,
1155 3038 1291 3089 dives
1309 3035 1511 3089 amicus.

634 3137 693 3176 ιι
708 3162 720 3174 .
765 3121 943 3174 Gratia
974 3121 1049 3172 sic
1062 3116 1304 3187 fratrum
1330 3119 1570 3190 gemino-

562 3224 705 3263 rum,
726 3215 816 3257 etc.
840 3201 981 3268 Jam,
1006 3213 1062 3252 ut
1076 3203 1271 3265 doceat,
1298 3203 1431 3253 inter
1446 3202 1570 3253 duos

560 3288 748 3339 diversa
779 3281 943 3336 studia
966 3293 1203 3336 sectantes
1230 3299 1326 3334 non
1345 3293 1568 3336 constane

560 3387 700 3440 posse
706 3368 969 3420 amicitiam
981 3405 997 3434 ‚
1013 3363 1312 3436 Amphionis
1321 3376 1369 3415 et
1376 3365 1429 3414 Z
1431 3363 1514 3416 eth
1520 3367 1544 3416 ι’
1545 3402 1563 3425 ,

558 3453 696 3507 Jovis
710 3472 769 3506 ex
790 3451 1005 3518 Antiopa
1020 3450 1231 3500 filiorum
1245 3486 1260 3510 ‚
1288 3449 1564 3518 exemplum

562 3537 729 3589 affert.
753 3531 1023 3604 Amphion,
1039 3531 1448 3584 celebratissimus
1466 3533 1572 3586 fidi·

558 3637 668 3687 cen,
681 3629 786 3670 erat
800 3617 945 3669 homo
956 3615 1170 3668 mitioris
1184 3625 1235 3668 et
1243 3615 1483 3668 mollioris
1499 3618 1572 3669 in-

556 3701 717 3770 genii3
736 3697 958 3759 Zethus,
980 3683 1148 3768 ’pastor
1160 3709 1211 3751 et
1231 3715 1393 3750 rerum
1410 3715 1570 3766 agres-

560 3783 687 3834 tium
718 3783 995 3849 studiosus,
1028 3779 1168 3833 homo
1197 3779 1367 3832 dur-us
1401 3783 1568 3847 (Pro-

562 3877 689 3932 pert.
720 3867 831 3935 ΙΙΙ,
858 3876 956 3928 η,
985 3865 1115 3936 so),
1150 3863 1371 3936 εῖχεν-ιω
1402 3867 1563 3931 (Stat.

558 3947 723 3998 Theb.
746 3949 796 3999 X
813 3987 827 4010 ‚
843 3959 946 4002 “a
961 3948 1001 4018 ).
1024 3949 1144 4001 Fuit
1164 3949 1315 4015 igitur
1332 3950 1463 4001 inter
1479 3950 1567 4001 hos

561 4028 683 4078 duos
720 4031 893 4083 fratres
930 4031 1169 4084 discordia
1193 4069 1207 4096 ,
1246 4029 1399 4083 donoc
1434 4031 1568 4084 Am-

1644 1871 1799 1940 phion
1815 1911 1829 1935 ,
1849 1873 2004 1942 lyram
2025 1883 2185 1924 tacere
2199 1870 2376 1940 jubens
2389 1910 2405 1937 ‚
2425 1872 2656 1925 fratemis

1644 1958 1862 2011 moribus
1878 1959 2045 2010 cessit.
2069 1986 2136 1994 —
2150 1957 2349 2026 gratia,
2376 1957 2652 2022 conconlia,

1643 2051 1841 2094 mutuus
1855 2059 2007 2095 amor.
2025 2072 2094 2081 —
2105 2055 2338 2112 suspecta
2357 2059 2552 2100 sever-o,
2577 2042 2651 2094 in-

1640 2123 1744 2178 visa
1767 2125 1905 2176 fratri
1925 2124 2104 2187 Zetho,
2132 2141 2228 2175 non
2249 2123 2529 2175 mitioribus
2550 2135 2654 2175 stu-

1640 2206 1741 2260 diis
1772 2209 1900 2273 (arti
1927 2207 2174 2276 musice),
2208 2207 2292 2258 sed
2321 2207 2657 2258 severioribus

1645 2289 1810 2360 (operi
1831 2293 2037 2354 rustico)
2056 2289 2286 2354 adsuet03
2315 2291 2442 2358 apud
2465 2291 2658 2343 Lucre-

1641 2375 1764 2426 tium
1789 2389 1982 2442 quoque
2019 2371 2092 2436 V,
2131 2383 2292 2439 1³56,
2324 2372 2549 2438 agricolae
2575 2374 2657 2425 di-

1635 2467 1813 2508 cuntur
1834 2455 2014 2507 severi.

1709 2547 1795 2590 43.
1835 2537 2054 2589 Cessiue
2069 2572 2088 2597 ,
2125 2538 2384 2589 obsecutus
2411 2553 2555 2602 esse;
2598 2539 2649 2590 iu

1639 2621 1842 2690 gratiam
1857 2621 2042 2688 fratris,
2058 2622 2290 2674 musicam
2307 2621 2644 2674 intermisisse.

1640 2705 1917 2765 mAEaolis,
1935 2705 2186 2774 epitheton
2206 2723 2413 2773 ornans,
2433 2715 2649 2774 respectu

1641 2787 1810 2840 habito
1827 2788 2102 2856 Meleagri,
2126 2790 2252 2855 mgis
2273 2789 2487 2855 AEtolioe,
2502 2805 2648 2856 quem

1643 2871 1888 2935 ingentem
1916 2887 2088 2938 aprum
2115 2870 2439 2940 Calydonium
2465 2869 2652 2938 cepisse

1637 2961 1847 3003 constat.
1869 2949 2016 3003 ovid.
2041 2951 2169 3004 Met.
2191 2951 2356 3020 vm,
2373 2963 2491 3018 ατο,
2508 2968 2646 3020 seqq.

1639 3033 1782 3087 -Ec
1805 3033 2106 3087 inhumanae
2127 3036 2324 3087 senium
2342 3033 2534 3104 depone
2553 3033 2654 3086 Ca·

1639 3134 1856 3178 moenoe,
1883 3130 1934 3170 et
1955 3119 2146 3188 depone
2171 3119 2526 3184 morositatem,
2551 3135 2650 3186 qua

1638 3203 1847 3254 versaris
1868 3202 1919 3254 in
1939 3203 2116 3254 studiis
2132 3219 2159 3254 a
2177 3202 2407 3268 comitate
2424 3210 2475 3252 et
2496 3199 2654 3253 facili·

1639 3295 1740 3336 tate
1756 3285 1962 3352 alienis;
1991 3286 2186 3338 senium
2201 3321 2220 3345 ,
2245 3285 2307 3336 de
2325 3285 2469 3335 senili
2491 3301 2654 3336 moro-

1637 3369 1784 3422 sitate
1823 3379 1872 3422 et
1909 3372 2083 3422 tetrica
2108 3369 2396 3436 severitate,
2426 3379 2484 3420 ut
2509 3369 2654 3421 m'soe

1642 3453 1840 3503 semitm
1864 3469 2060 3504 morum
2082 3453 2212 3520 apud
2241 3453 2413 3505 Senec.
2441 3451 2650 3520 Hippot.

1641 3551 1690 3584 v.
1711 3545 1768 3586 91
1783 3545 1827 3585 7.
1841 3564 1908 3572 -
1923 3533 2227 3594 Palmum,
2247 3553 2312 3587 ex
2329 3553 2477 3588 carne
2495 3535 2651 3587 serina

1638 3618 1872 3686 confecta,
1892 3619 1958 3670 cl'.
1981 3635 2114 3690 supr.
2144 3619 2207 3670 ad
2227 3619 2332 3670 Sat.
2354 3619 2439 3682 11,
2465 3629 2496 3669 2
2517 3655 2531 3684 ,
2558 3629 2645 3668 5⁴.

1639 3729 1710 3741 ——
1727 3715 1888 3761 emta,
1913 3711 2082 3772 parata
2103 3720 2119 3766 ;
2145 3719 2282 3770 supr.
2303 3701 2462 3768 Epist.
2493 3697 2551 3766 1,
2581 3709 2611 3749 2
2630 3737 2648 3763 ,

1641 3797 1706 3838 ⁸5
1728 3805 1741 3838 z
1777 3807 1804 3833 α
1825 3786 2016 3854 Sperne
2029 3783 2327 3855 voluptates,
2357 3793 2494 3836 nocet
2515 3793 2650 3835 emta

1637 3868 1806 3922 dolore
1827 3871 2062 3940 voluptas.
2081 3891 2109 3920 n

1714 3965 1800 4006 49.
1838 3951 2082 4005 Romanis
2109 3951 2324 4004 solemne
2353 3949 2514 4010 viriis,
2547 3959 2645 4000 etc.

1641 4032 1784 4101 Quod
1813 4046 1888 4088 est
1913 4051 2034 4104 optas
2066 4037 2302 4090 usitatum
2331 4031 2568 4086 Romanis
2599 4041 2652 4082 et
