3000 4684
531 349 672 432 402
1091 343 1179 430 Q.
1233 341 1647 412 HORATII
1696 343 2049 413 FLACCI

529 485 638 536 vivo
655 485 866 536 bonores
891 481 1135 550 praestitos
1153 518 1168 545 ‚
1193 489 1557 550 exsti-notasque
1582 495 1725 547 ειυς
1757 479 1879 532 adeo
1898 480 2115 535 fatentur
2130 495 2303 534 omnes
2320 480 2511 535 nullum
2528 499 2621 536 un·

530 589 676 641 quam
708 571 848 623 talem
871 571 923 621 in
941 569 1088 621 terris
1105 567 1266 619 virum
1288 567 1460 620 fuisse.
1483 566 1555 619 At
1572 568 1612 619 si
1638 569 1689 618 in
1709 569 1801 621 boc
1816 585 1870 620 se
1886 570 2131 638 sapientes
2158 587 2215 622 ac
2242 581 2371 624 recte
2394 572 2623 639 judican-

530 668 605 708 tes
642 657 864 725 praebent
899 653 1106 706 Romani
1122 692 1139 720 ,
1174 671 1258 706 eos
1295 651 1503 704 minime
1524 651 1631 704 sani
1664 654 1717 704 in
1747 654 2045 707 aestimandis
2076 657 2433 710 recentioribus
2466 655 2625 727 poetis

520 747 696 816 judicii
715 762 820 800 esse
837 746 974 798 addit
985 745 1235 806 Horatius,
1251 743 1380 814 quod
1400 743 1737 812 reipsa·totum
1755 753 1832 796 est
1848 744 1995 811 hujus
2006 746 2249 799 sermonis
2258 759 2615 814 argumentum.

525 833 736 886 Romani
755 834 884 885 enim
907 851 1006 885 non
1025 849 1087 884 ex
1111 832 1307 898 ingenio
1323 868 1339 898 ,
1361 830 1450 882 sed
1468 847 1531 882 ex
1548 829 1847 902 antiquitate
1864 833 2129 901 scriptores
2143 834 2345 888 laudant
2362 869 2378 902 ,
2396 845 2619 902 poetam-

524 937 621 990 que
650 930 867 972 veterem
885 957 900 982 ,
937 918 1232 988 quicumque
1265 917 1334 968 sit
1348 955 1364 980 ,
1399 917 1661 969 recentiori
1690 916 1994 969 anteferunt.
2029 917 2131 985 Qui
2158 920 2409 986 judicandi
2448 921 2618 973 modus

525 1026 671 1078 quam
697 1009 896 1060 insanus
919 1025 974 1060 ac
993 1007 1230 1060 ridiculus
1250 1006 1338 1068 sit,
1358 1021 1511 1074 quum
1528 1005 1746 1058 ostendit
1765 1017 1923 1076 poeta,
1942 1007 2003 1058 ad
2020 1017 2210 1060 veteres
2229 1007 2474 1060 Romanos
2490 1009 2620 1060 scri-

525 1105 690 1162 ptores
709 1095 902 1160 transit,
919 1092 1170 1161 multaque
1185 1093 1316 1161 apud
1335 1109 1418 1146 eos
1437 1094 1839 1162 repoehendenda
1857 1109 1963 1148 esse
1978 1095 2149 1156 docet;
2170 1103 2223 1146 et
2239 1105 2369 1148 reete
2382 1095 2613 1162 judicari,

523 1183 568 1234 si
598 1183 818 1252 quasdam
852 1182 904 1232 in
931 1181 996 1232 iis
1015 1180 1292 1243 laudentur,
1319 1181 1543 1250 quaedam
1566 1191 1731 1234 sutem
1751 1183 2111 1250 vituperentur.
2131 1186 2315 1234 Contra
2343 1193 2505 1234 autem
2523 1221 2541 1246 ‚
2574 1183 2618 1236 si

525 1268 751 1322 decorum
769 1268 956 1338 aliquid
979 1267 1029 1318 in
1050 1277 1271 1336 poemate
1292 1265 1589 1334 inveniatur,
1610 1285 1779 1337 poema
1805 1277 1958 1320 totum
1979 1278 2035 1320 ut
2054 1267 2437 1336 pulcherrimum
2457 1269 2620 1322 extol·

527 1355 667 1422 litur,
684 1355 800 1406 dum
819 1354 1032 1407 recentia
1045 1371 1196 1422 opera
1211 1363 1612 1407 ctmtemnuntur.
1633 1350 1702 1406 At
1718 1355 1761 1408 si
1779 1355 2047 1424 antiquitas
2068 1353 2190 1424 ipsa,
2202 1353 2394 1407 Gracia
2412 1355 2616 1419 scilicet,

525 1451 716 1494 tantum
737 1442 920 1510 scripta
944 1457 997 1492 se
1015 1441 1293 1510 antiquiora
1315 1441 1603 1494 animasset
1616 1479 1633 1509 ‚
1660 1458 1771 1512 qun
1789 1452 1907 1494 tunc
1920 1458 2073 1512 opera
2087 1441 2464 1510 composui-eu
2496 1459 2619 1512 quos

525 1547 660 1583 nunc
676 1538 864 1580 veteres
887 1527 1146 1594 scriptores
1169 1527 1460 1579 haberemus
1473 1525 1499 1578 ἶ

593 1616 706 1670 Jam
735 1614 915 1686 quibus
938 1631 998 1666 ex
1019 1613 1174 1665 causis
1192 1615 1422 1665 Romanas
1443 1615 1601 1667 literae
1618 1614 1898 1667 diutissime
1917 1615 2215 1685 imperfecta
2238 1616 2509 1668 necessario
2528 1631 2617 1668 re-

522 1702 814 1768 manserint,
827 1710 930 1752 tum
948 1717 1007 1752 ex
1027 1699 1183 1767 gentis
1203 1698 1386 1764 indole,
1404 1709 1508 1752 tum
1528 1718 1591 1752 et
1607 1699 1849 1753 bellorum
1865 1701 2184 1754 continuitate
2201 1701 2429 1772 explicat,
2444 1681 2615 1771 esquae

522 1791 678 1844 fuerit
698 1792 830 1842 inter
848 1789 1046 1842 Graeooe
1064 1799 1116 1840 et
1131 1787 1377 1840 Romanos
1393 1789 1489 1840 sub
1509 1790 1602 1841 hoc
1622 1800 1845 1859 respectu
1860 1791 2151 1843 differentia
2166 1789 2402 1843 ostendit.
2423 1789 2615 1844 Gracia

521 1879 707 1932 scilicet
735 1896 824 1930 suo
856 1876 1054 1944 ingenio
1086 1875 1150 1926 ad
1179 1875 1454 1942 diligendos
1475 1877 1616 1929 ludos
1642 1888 1871 1948 artesque
1902 1888 2155 1947 prompta,
2177 1878 2263 1930 vix
2284 1878 2428 1930 bellis
2450 1878 2616 1930 functa

522 1979 602 2021 est
621 2007 635 2032 ,
654 1983 806 2037 quum
827 1978 876 2019 et
895 1966 1106 2036 publicis
1127 1965 1258 2018 ludis
1275 2003 1289 2028 ‚
1311 1975 1360 2018 et
1377 1966 1538 2028 literis
1553 2005 1569 2030 ,
1592 1976 1643 2020 et
1663 1967 1863 2036 picturae
1880 2005 1895 2032 ,
1925 1977 1977 2020 et
2008 1968 2203 2020 musicae
2224 1968 2425 2020 omnino
2442 1966 2613 2019 indul-

518 2051 620 2118 sit,
647 2051 822 2123 puellas
845 2050 1027 2118 instar,
1051 2051 1325 2121 puerilibus
1345 2049 1478 2104 ludis
1502 2052 1757 2105 delectata.
1796 2051 1869 2107 At
1898 2053 2229 2108 Romanorum
2256 2053 2398 2120 longe
2422 2051 2520 2105 alia
2542 2061 2619 2106 est

517 2139 742 2193 indoles:
781 2156 869 2208 per
907 2155 960 2189 se
992 2154 1158 2204 graves
1195 2137 1450 2206 severique
1467 2176 1484 2202 ,
1516 2139 1837 2208 expediendis
1876 2138 2037 2206 legum
2075 2138 2449 2191 difficultatibus
2467 2175 2485 2201 ‚
2522 2156 2619 2191 cu-

515 2227 699 2278 randas·
728 2225 801 2277 rei
840 2223 1045 2292 publicu
1081 2223 1157 2276 vel
1194 2224 1470 2276 domestice
1513 2225 1719 2291 attenti,
1756 2226 1842 2278 diu
1872 2225 2043 2278 literas
2072 2234 2125 2278 et
2154 2211 2281 2278 artes
2310 2225 2497 2290 ignotas
2520 2225 2617 2276 ba-

514 2311 687 2363 buere.
710 2310 857 2361 Nunc
874 2319 1038 2362 sutem
1057 2325 1116 2360 eo
1133 2308 1332 2364 devenit
1353 2309 1508 2362 Roma
1526 2347 1541 2377 ‚
1566 2321 1624 2362 ut
1644 2327 1811 2364 omnes
1834 2309 2081 2362 scribendi
2099 2309 2261 2362 studio
2279 2309 2528 2376 ferveant,
2556 2320 2620 2361 ut

511 2411 684 2450 omnes
699 2430 715 2461 ,
731 2394 862 2445 docti
882 2393 1160 2462 indoctique
1181 2430 1198 2455 ‚
1233 2404 1458 2462 poemata
1481 2405 1791 2464 componant.
1816 2395 1949 2447 Huic
1974 2405 2137 2448 tamen
2159 2394 2315 2447 ermri
2340 2411 2441 2446 non
2462 2411 2617 2462 parva

518 2483 650 2533 inest
667 2479 881 2547 utilitas;
902 2479 1196 2549 quicumque
1215 2480 1348 2532 enim
1367 2481 1669 2533 carminibus
1688 2481 1907 2548 indulget
1920 2517 1937 2542 ‚
1962 2499 2083 2534 sane
2100 2481 2299 2551 quietus
2312 2490 2391 2533 est
2406 2519 2423 2546 ,
2447 2490 2499 2532 et
2518 2480 2621 2534 mi·

461 2626 470 2635 ,
515 2567 652 2618 nime
669 2565 951 2634 reipublicae
973 2564 1329 2618 formidandus.
1350 2567 1600 2620 Praeterea
1626 2568 1975 2636 optimipoetae
1994 2579 2049 2622 et
2069 2584 2229 2621 mores
2245 2568 2539 2631 emendant,
2562 2575 2613 2619 et

519 2652 649 2705 clere
670 2652 795 2703 facta
816 2661 1016 2711 canunt,
1037 2661 1089 2701 et
1107 2667 1276 2718 preces
1293 2651 1393 2704 diis
1411 2653 1695 2704 offerendas
1715 2654 1957 2721 praebent.

491 2808 499 2817 ι
588 2740 712 2792 Inde
742 2749 880 2809 poeta
909 2739 1138 2790 Romanae
1160 2755 1360 2805 poeseos
1375 2777 1389 2806 ,
1418 2751 1660 2808 quantum
1680 2741 1853 2793 saltem
1877 2742 1937 2794 ad
1958 2751 2118 2794 artem
2137 2741 2375 2794 scenicam
2398 2739 2604 2802 attinet,

515 2831 773 2882 historiam
795 2827 1032 2896 explicam
1057 2827 1197 2879 docet
1224 2844 1286 2879 ex
1314 2843 1411 2896 qus
1443 2826 1659 2896 primum
1685 2829 1961 2882 rusticitate
1985 2847 2042 2881 ac
2059 2830 2261 2882 licentia
2276 2828 2488 2897 prosecta
2509 2865 2525 2890 ‚
2544 2828 2607 2879 ad

511 2929 658 2986 quam
677 2914 856 2966 deinde
873 2951 888 2975 ,
913 2929 1002 2980 per
1017 2912 1302 2964 Graecorum
1323 2927 1529 2980 operum
1554 2913 1880 2966 imitationem
1901 2952 1915 2981 ,
1940 2915 2229 2982 elegantiam
2254 2924 2305 2966 et
2320 2911 2603 2980 dignitatem

513 3001 814 3069 pervenerit.
833 2995 930 3051 Hic
947 3000 1267 3050 vehementer
1283 2997 1541 3050 invehitur
1560 2999 1615 3052 in
1640 3015 1843 3066 pravum
1858 3001 2099 3068 judicium
2124 2999 2411 3070 populi,qui
2433 3015 2605 3050 vanam

511 3087 694 3140 theatri
727 3101 956 3156 pompam
975 3121 992 3152 ‚
1025 3093 1078 3137 et
1109 3085 1280 3136 inania
1313 3083 1585 3152 spectacula
1604 3121 1619 3151 ‚
1655 3084 1777 3154 ipsis
1809 3087 2015 3140 scenicis
2043 3087 2273 3156 operibus
2309 3085 2565 3152 anteponit
2586 3105 2604 3150 ς

509 3174 640 3226 unde
665 3187 893 3240 magnum
928 3171 1002 3222 rei
1034 3171 1234 3222 scenicus
1265 3171 1619 3224 detrimentum
1634 3209 1651 3238 ,
1684 3187 1953 3243 magnaque
1986 3173 2141 3242 poetis
2165 3185 2353 3222 scenam
2382 3169 2605 3235 fugiendi

511 3261 658 3312 ratio.
677 3258 952 3325 Augustum
975 3255 1126 3323 igitur
1145 3257 1386 3318 hortatur,
1407 3267 1484 3322 ut,
1507 3256 1570 3308 iis
1592 3257 1681 3326 qui
1702 3273 1759 3310 se
1774 3257 2037 3311 lectoribus
2059 3258 2243 3309 malunt
2260 3255 2479 3321 credere,
2502 3254 2605 3306 ali-

505 3361 656 3415 quam
679 3359 846 3396 curam
881 3341 1163 3410 impendat,
1196 3358 1372 3412 eosque
1401 3341 1570 3410 aliqua
1594 3341 1755 3394 fovent
1780 3343 2137 3396 benevolentia.
2166 3341 2395 3410 Explicat
2414 3341 2568 3394 etiam
2588 3379 2604 3404 ,

511 3433 825 3500 quantumvis
842 3429 1040 3480 ridiculi
1057 3427 1126 3480 sit
1145 3430 1198 3479 in
1215 3427 1359 3480 malis
1377 3429 1551 3495 poetis,
1570 3447 1669 3480 non
1692 3447 1886 3498 parvam
1906 3427 2212 3498 principibus
2226 3426 2397 3494 glorie
2416 3440 2605 3497 partem

508 3535 616 3572 esse
635 3557 650 3587 ‚
674 3521 716 3572 si
739 3521 892 3571 bonos
915 3527 1080 3586 poetas
1103 3518 1230 3571 bene
1251 3518 1466 3569 babeant
1487 3535 1543 3570 ac
1564 3517 1773 3586 diligant
1790 3557 1807 3586 ‚
1822 3535 1973 3589 quum
1993 3519 2262 3587 praesertim
2280 3535 2372 3586 per
2388 3519 2605 3570 carmina

511 3606 758 3658 memoriae
775 3603 906 3657 clare
931 3605 1056 3657 facta
1075 3603 1494 3657 commendantur.
1522 3603 1665 3655 Finit
1682 3622 1735 3656 se
1750 3605 2036 3672 exmnndo,
2053 3606 2185 3675 quod
2204 3603 2416 3671 Augusti
2439 3604 2603 3656 laudes

501 3697 609 3762 ipse
625 3711 820 3764 quoque
840 3710 938 3746 non
963 3703 1105 3747 canat
1122 3731 1136 3752 ,
1169 3709 1322 3763 quum
1347 3691 1483 3762 spica
1508 3693 1669 3762 poesis
1698 3695 1949 3761 ingenium
1984 3713 2127 3747 suum
2160 3704 2391 3763 superet,
2422 3701 2473 3742 et
2497 3690 2601 3742 laus

508 3783 676 3850 inepta
697 3783 922 3836 dedecori
949 3784 1110 3852 potius
1127 3799 1274 3853 quam
1295 3791 1587 3835 ornamento
1604 3779 1687 3834 sit.
1718 3781 1815 3834 En.
