3000 4684
618 407 751 496 564
1384 381 1905 476 Excunsus

1134 635 1468 697 Excunsus
1492 634 1664 712 xlv,
1694 653 1864 697 vers.
1899 635 2020 697 401
2055 655 2156 720 sq.

840 821 896 882 T
882 829 1227 906 yrtoeusque
1261 839 1453 882 mares
1486 819 1724 882 ωιίπιοε
1759 821 1823 882 in
1853 805 2108 882 Marah'
2127 777 2322 896 belia,
2353 832 2462 884 cco.

686 1025 945 1100 Tyrtaeus
976 1034 1107 1098 post
1140 1023 1382 1080 Homeri
1410 1032 1631 1079 aetatem
1665 1039 1788 1078 non
1807 997 1908 1078 'its
1936 1021 2110 1097 longe
2149 1021 2518 1098 septingentis
2554 1033 2691 1079 ante

605 1122 896 1179 Christum
923 1120 1086 1177 annis
1118 1119 1409 1188 vivebat¹;
1448 1119 1718 1187 Athenis,
1757 1129 1824 1174 ut
1857 1118 2119 1193 plerique
2147 1118 2338 1186 aiunt,
2369 1119 2688 1186 oriundus,

606 1219 729 1276 ludi
752 1219 1013 1293 magister
1045 1215 1335 1292 ignobilis,
1363 1216 1577 1286 luscus,
1609 1215 1850 1272 claudus
1863 1255 1882 1284 ,
1911 1214 2164 1272 mutilus.
2191 1215 2430 1286 Strabo,
2455 1215 2551 1270 lib.
2569 1217 2650 1270 VI
2663 1255 2684 1284 ,

603 1317 693 1372 vel
718 1317 843 1389 ipso
872 1315 1101 1389 Tyrtaeo
1130 1313 1203 1369 de
1228 1331 1290 1368 se
1324 1313 1387 1368 in
1418 1313 1591 1388 elegis
1625 1310 1962 1380 confitente,
2006 1312 2330 1369 Erineatem
2356 1311 2528 1370 fiiisse
2551 1331 2685 1369 eum

602 1410 806 1479 tradit3
832 1408 1032 1468 suidas
1053 1421 1150 1464 sut
1176 1408 1668 1466 Lacedaemonium
1683 1446 1700 1476 ,
1721 1419 1822 1464 aut
1847 1408 2165 1478 Milesium3
2193 1408 2404 1464 Paulus
2421 1407 2684 1475 Orosius,

600 1509 699 1566 lib.
740 1507 829 1577 11,
862 1527 987 1583 cap.
1024 1528 1048 1563 1
1067 1548 1085 1577 ,
1120 1507 1528 1564 Atheniensem
1558 1505 1728 1562 fuisse
1759 1506 1870 1574 ait3
1909 1506 2251 1564 Plutarchus
2287 1506 2345 1562 in
2379 1505 2574 1562 libello
2607 1505 2684 1563 de

602 1607 819 1664 Musica
840 1605 1054 1681 Tyrtaei
1072 1604 1369 1678 cujusdam
1394 1602 1768 1660 Mantinensis
1793 1603 2142 1664 mentionem
2167 1603 2316 1660 facit.
2343 1601 2511 1660 Hunc
2529 1622 2680 1678 poe-

599 1718 717 1762 tam
744 1705 978 1760 laudent
1002 1721 1269 1776 quoque,
1292 1701 1633 1768 Athenaeus,
1660 1701 1760 1757 lib.
1789 1701 1958 1768 xlv3
1993 1701 2279 1772 AElianus,
2301 1695 2438 1757 Ver.
2463 1701 2680 1758 Hister.

598 1804 713 1871 vl,
746 1821 811 1870 13
844 1800 1098 1858 Stobaens
1132 1801 1343 1856 multos
1378 1799 1500 1872 ejus
1530 1816 1728 1856 versus
1755 1799 1828 1854 de
1855 1799 2058 1856 bellica
2085 1800 2320 1858 audacia
2343 1798 2680 1875 proferens

600 1900 765 1955 Plato
808 1899 975 1955 etiam
994 1937 1012 1966 ,
1060 1896 1133 1953 de
1176 1895 1371 1972 Legib.
1416 1897 1478 1963 Ι,
1525 1894 1785 1951 divinum
1825 1914 1958 1952 eum
1999 1896 2250 1972 appellnt
2265 1936 2283 1966 ‚
2328 1907 2386 1953 et
2427 1895 2684 1954 carmina

603 2000 724 2072 ejus
766 1999 966 2078 recitat
1006 1995 1081 2052 ad
1128 1992 1564 2052 inflammandos
1600 1994 1952 2050 bellatorum
1991 1995 2212 2052 animos
2251 1994 2472 2070 scripta.
2511 1995 2684 2052 Conf.

599 2097 733 2153 item
766 2095 1099 2166 Quintilian.
1144 2095 1244 2150 lib.
1280 2095 1370 2164 X,
1402 2113 1528 2174 cap:
1571 2115 1631 2163 1,
1667 2099 1698 2166 S
1741 2093 1848 2164 563
1889 2107 1948 2152 et
1987 2115 2057 2152 ex
2097 2094 2510 2152 recentioribus
2543 2095 2680 2152 No-

598 2205 741 2251 stras
766 2195 1190 2261 Burman,
1222 2194 1456 2268 Voyage
1478 2192 1899 2249 &Anacharsis
1912 2234 1934 2262 ‚
1967 2211 2089 2268 cap.
2127 2198 2202 2258 40
2218 2231 2236 2261 ‚
2272 2192 2372 2266 qui
2399 2192 2577 2266 plura
2611 2192 2686 2250 de

599 2299 765 2366 poeta
808 2288 1121 2346 clarissimo
1159 2288 1473 2345 testimonia
1507 2287 1710 2344 attulit.
1751 2290 1842 2344 De
1865 2289 2276 2346 Messeniorum
2297 2287 2683 2344 Lacedaemo—

598 2386 945 2458 niorumque
981 2385 1143 2440 bello
1183 2385 1259 2440 ita
1300 2383 1587 2454 Iustinus,
1623 2385 1842 2442 Histor.
1879 2385 1974 2440 lib.
2011 2385 2122 2452 ΙΠ,
2163 2402 2284 2458 cap.
2324 2379 2394 2438 5:
2435 2383 2685 2442 «Ince—

594 2478 886 2547 daemonii,
913 2478 986 2534 de
1012 2478 1151 2534 belli
1176 2481 1648 2538 eventu-oraculo
1676 2479 1911 2556 Delphis
1934 2479 2224 2546 consulto,
2249 2479 2532 2552 jubentur
2557 2481 2682 2538 du·-

594 2597 718 2636 cem
761 2576 899 2632 belli
942 2574 1015 2630 ab
1057 2573 1500 2632 Atheniensibus
1549 2588 1762 2652 petere.
1806 2581 1995 2634 Porro
2041 2577 2412 2636 Athenienses
2425 2619 2443 2648 ,
2495 2596 2682 2652 quum

591 2693 927 2752 responsum
973 2673 1399 2750 cognovissent,
1445 2677 1506 2732 in
1551 2687 1907 2734 contemtum
1935 2679 2352 2752 Spartanorum
2387 2677 2682 2752 Tyrtaeum

592 2785 850 2851 poetam,
874 2773 1143 2832 claudum
1166 2773 1315 2850 pede
1348 2774 1590 2832 misere:
1627 2775 1730 2848 qni
1762 2775 1950 2832 tribus
1975 2775 2184 2850 praeliis
2202 2775 2386 2842 fiisus,
2405 2793 2476 2832 eo
2499 2793 2682 2850 usqne

593 2871 1003 2949 desperationis
1028 2873 1342 2947 Spartanos
1366 2871 1631 2941 adduxit,
1659 2883 1756 2940 ut,
1782 2873 1857 2928 sd
1885 2872 2344 2948 supplementum
2369 2872 2679 2940 exercitus,

591 2987 784 3029 servos
806 2987 939 3027 suos
966 2967 1453 3034 manumitterent,
1470 2965 1676 3043 hisque
1701 2968 2136 3026 interfectorum
2163 2969 2521 3026 matrimonia
2539 2971 2682 3045 pol-

588 3067 930 3124 licet-entur:
966 3075 1034 3122 ut
1056 3081 1179 3121 non
1208 3083 1455 3122 numero
1480 3077 1702 3122 tantum
1739 3066 2082 3125 amissorum
2105 3068 2343 3139 civium,
2367 3067 2468 3126 sed
2493 3079 2552 3124 et
2581 3067 2680 3124 di-

592 3163 792 3239 gnitati
814 3161 1200 3220 succederent.
1234 3162 1349 3219 Sed
1376 3179 1537 3238 reges
1563 3163 2130 3220 Lacedaemoniorum
2145 3203 2164 3232 ,
2189 3183 2289 3234 ne,
2315 3175 2518 3222 contra
2545 3164 2679 3221 fob

594 3273 790 3316 tunam
810 3258 1154 3336 pugnando,
1174 3260 1397 3333 majora
1423 3260 1765 3318 detrimenta
1791 3261 2002 3318 civitati
2025 3259 2377 3337 infligerent,
2397 3262 2684 3318 reducere

594 3357 903 3414 exercitum
917 3357 1264 3425 voluerunt3
1289 3359 1352 3413 ni
1378 3359 1768 3416 intervenisset
1789 3355 2068 3434 Tyrtaeus,
2087 3360 2190 3433 qui
2209 3360 2522 3435 composita
2536 3377 2680 3416 car-

592 3455 747 3511 mina
770 3454 1047 3510 exercitui
1071 3470 1183 3528 pro
1210 3455 1489 3513 concione
1517 3456 1804 3524 recitavit,
1829 3457 1890 3512 in
1923 3457 2132 3531 quibus
2153 3457 2515 3514 hortamenta
2547 3457 2680 3512 vir-

590 3554 752 3622 tutis,
790 3551 1137 3608 damnorum
1174 3551 1369 3608 solatis
1385 3591 1401 3620 ,
1427 3553 1566 3610 belli
1599 3555 1836 3612 consilia
1860 3555 2286 3630 conscripserat.
2317 3556 2517 3628 Itaque
2543 3567 2678 3612 tan-

590 3661 715 3706 tum
745 3646 1018 3704 ardorem
1042 3647 1315 3704 militibus
1340 3647 1556 3721 injecit,
1585 3661 1652 3704 ut
1679 3668 1805 3707 non
1837 3649 1909 3706 de
1935 3650 2138 3718 salute,
2165 3649 2266 3706 sed
2286 3651 2360 3707 de
2379 3649 2680 3724 sepultura

590 3744 843 3812 solliciti,
867 3754 1122 3812 tesseras,
1152 3744 1445 3820 insculptis
1464 3747 1580 3802 suis
1601 3757 1659 3802 et
1674 3757 1905 3822 patrum
1924 3747 2276 3818 nominibus,
2303 3749 2508 3805 dextro
2535 3749 2676 3805 bra-

666 3927 741 3990 (t)
772 3926 925 3974 Natus
946 3933 1015 3974 est
1032 3927 1271 3990 Tyaneus,
1290 3937 1345 3976 ut
1370 3926 1588 3996 plerique
1607 3929 1740 3979 docti
1762 3929 1850 3981 vin-i
1873 3930 2061 3988 volunt,
2081 3945 2162 3980 nn.
2182 3929 2539 3982 antechristum
2555 3939 2669 3980 nat.

599 4017 729 4072 716;
762 4012 1048 4078 Olympiade
1075 4030 1192 4078 xv1;
1218 4025 1385 4066 octavo
1417 4027 1500 4068 aut
1533 4018 1720 4068 decimo
1751 4030 1855 4086 post
1885 4018 2090 4087 primum
2118 4017 2298 4069 bellum
2321 4015 2679 4071 Meseniaeum

590 4113 747 4158 ann03
780 4117 875 4167 quo
903 4101 1001 4149 fere
1026 4111 1269 4169 tempore,
1298 4107 1535 4157 Romulus
1551 4145 1562 4167 ‚
1587 4113 1752 4160 Romae
1773 4108 2012 4172 conditor,
2033 4107 2169 4158 obiit.
2199 4112 2287 4158 En.
