3000 4684
534 358 671 431 288

1090 360 1179 447 Q.
1228 360 1648 429 HORATII
1694 364 2045 433 FLACCI

527 500 725 565 Hunc
756 494 1003 585 solem,
1034 512 1104 565 et
1132 495 1353 567 stellas
1370 552 1389 589 ,
1422 514 1491 568 et
1523 498 1912 571 decedentia
1941 502 2140 571 certis

524 616 859 709 Tempora
888 616 1243 685 momentis
1258 670 1277 707 ‚
1316 632 1471 687 sunt
1485 670 1505 708 ‚
1539 620 1657 712 qui
1689 618 2046 690 formidine
2075 616 2258 689 nulla

523 732 776 801 Imbuti
807 746 1149 825 spectent:
1187 735 1347 828 quid
1379 759 1605 805 censes
1635 761 1913 807 munera
1945 736 2181 808 terrae?
2575 732 2612 792 ⁵

522 846 708 937 Quid
738 850 941 919 maris
975 864 1305 921 extremos
1339 854 1597 929 Arabas
1633 854 1907 925 ditantis
1941 872 2010 925 et
2039 848 2286 923 Indos?

520 965 815 1036 Ludicra
847 966 1008 1061 quid
1024 1020 1051 1056 ,
1078 964 1381 1063 plausuS,
1414 984 1485 1039 et
1517 972 1719 1039 amici
1750 970 1928 1041 dona
1959 966 2286 1059 Quiritis?

518 1085 677 1174 Quo
706 1086 1069 1179 spectanda
1100 1086 1302 1155 modo
1319 1136 1339 1174 ‚
1369 1111 1504 1180 quo
1538 1112 1736 1159 sensu
1766 1088 1982 1157 credis
2015 1103 2083 1158 et
2113 1085 2272 1157 ore?

521 1202 660 1291 Qui
696 1204 889 1271 timet
920 1202 1029 1271 his
1062 1200 1342 1273 adversa
1360 1255 1379 1292 ,
1417 1202 1560 1273 fere
1591 1205 1880 1276 miratur
1916 1203 2194 1292 eodem,

518 1321 675 1409 Quo
698 1321 1000 1413 cupiens,
1027 1333 1257 1412 pact03
1284 1344 1497 1415 pavor
1521 1338 1624 1392 est
1645 1325 1909 1417 utrique
1930 1321 2276 1427 molestus»,

2536 1338 2610 1375 10

517 1435 895 1529 Improvisa
922 1433 1118 1505 simul
1154 1438 1405 1530 species
1438 1454 1734 1509 exterret
1764 1457 2145 1535 utrumque.

522 1551 859 1642 Gaudeat,
884 1577 967 1623 an
996 1551 1255 1643 doleat3
1284 1556 1542 1649 cupiat,
1567 1573 1938 1647 metuatne3
1967 1556 2130 1653 quid
2151 1554 2240 1627 ad
2263 1581 2436 1646 rem,

520 1671 624 1760 Si,
656 1671 972 1766 quicquid
1005 1669 1177 1741 vidit
1209 1670 1447 1743 melius
1480 1677 1754 1771 pejusve
1789 1700 1904 1746 sua
1937 1702 2054 1771 spe
2074 1730 2093 1767 ,

520 1786 773 1859 Defixis
808 1787 1049 1879 oculis,
1081 1790 1438 1885 animoque
1474 1809 1544 1863 et
1577 1818 1865 1890 corpore
1899 1794 2164 1891 torpet?

519 1909 747 1980 Insani
780 1909 1044 2004 sapiens
1078 1934 1329 1980 nomen
1366 1910 1574 2002 ferat,
1611 1937 1836 2009 aequus
1870 1914 2121 2008 iniqui,

514 2096 681 2149 stellas
692 2104 747 2147 et
756 2106 995 2165 tempora,
1010 2095 1061 2148 id
1075 2104 1169 2165 est,
1182 2106 1393 2167 quatuor
1404 2098 1528 2152 anui

514 2188 847 2249 tempestates,
864 2182 1171 2247 decedentes,
1191 2181 1242 2233 id
1260 2192 1353 2249 est,
1376 2183 1526 2236 finem

515 2264 809 2332 accipientes
828 2301 843 2326 ‚
884 2265 996 2317 aliis
1032 2266 1403 2317 succedentibus
1419 2304 1434 2329 ,
1474 2276 1528 2319 ot

511 2348 652 2417 quasi
688 2348 951 2411 abeuntes,
998 2350 1145 2401 certis
1178 2351 1431 2403 mensibus
1471 2367 1529 2404 ac

516 2432 795 2495 momentis,
816 2433 903 2500 qui
921 2434 1039 2495 hoc,
1060 2432 1280 2502 inquam,
1301 2443 1529 2503 spectent

516 2515 712 2581 imbuti,
738 2516 789 2567 id
810 2525 907 2575 est,
932 2514 1165 2584 perculsi,
1198 2516 1366 2569 affecti
1388 2516 1527 2570 nulla

515 2600 804 2666 formidine,
830 2600 883 2651 id
900 2608 1002 2666 est,
1026 2598 1350 2652 admiratione
1368 2637 1383 2663 ,
1406 2616 1522 2668 per-

517 2680 795 2735 turbatione
834 2691 888 2733 et
914 2681 1141 2749 religioso
1178 2690 1315 2733 motu
1334 2717 1353 2749 ‚
1396 2682 1521 2752 quid

510 2766 715 2820 censes?
746 2767 985 2836 quomodo
1013 2766 1298 2835 spectandas
1332 2766 1516 2829 credis,

511 2870 609 2923 quo
633 2853 769 2905 vultu
796 2863 849 2905 et
880 2852 1045 2905 animo
1070 2849 1409 2918 despiciendas
1437 2866 1518 2903 m

512 2938 667 2991 multo
682 2938 782 2991 iui-
796 2936 1070 2991 coelestibus
1092 2934 1353 2988 inferiores
1368 2971 1383 3002 ,
1399 2953 1448 2988 v.
1464 2950 1513 3001 g.

510 3034 655 3075 tem
677 3038 883 3075 munera
907 3030 960 3072 et
979 3018 1159 3081 muris,
1186 3030 1280 3071 etc.
1309 3017 1406 3069 En.

584 3116 634 3155 ³.
670 3104 744 3156 Et
766 3100 1059 3154 decedentia
1090 3100 1239 3151 certis
1270 3099 1522 3171 Tempora

510 3187 791 3245 momentu,
825 3195 879 3237 et
905 3194 1113 3254 quatuor
1146 3183 1265 3234 anni
1301 3194 1521 3253 tempora

510 3271 573 3322 ad
594 3271 709 3322 solis
740 3283 932 3321 ctu-mm
968 3265 1243 3333 prostituto
1272 3275 1522 3319 momento

510 3354 813 3409 decedentia.

584 3452 634 3492 υ.
670 3434 815 3503 Quid
830 3434 1011 3493 marth,
1046 3441 1141 3483 etc.
1170 3430 1389 3482 Subaudi
1412 3447 1520 3483 mu—

512 3538 648 3575 nera.
665 3520 761 3571 En.
782 3514 1128 3577 ——Ludicreu
1152 3512 1293 3564 ludos
1315 3514 1367 3565 in
1388 3513 1518 3565 circo

510 3616 564 3658 et
581 3607 773 3657 theatro
792 3601 873 3654 edi
892 3600 1080 3653 solitos.
1100 3598 1197 3649 En.
1210 3610 1345 3648 -et
1365 3598 1527 3648 αηιίοἰ

507 3686 645 3740 dona
664 3685 902 3755 Quiritis,
925 3684 1137 3736 honores
1153 3679 1427 3747 Quiritium
1446 3680 1518 3733 fa·

512 3770 617 3822 τοι-ἰ
628 3770 841 3823 debitos.
860 3768 957 3819 En.
982 3796 1043 3806 —
1066 3766 1180 3833 Qui
1190 3762 1519 3815 tt'methisad-

512 3868 685 3911 ver-sa,
716 3864 814 3904 etc.
850 3850 951 3918 Qui
980 3850 1121 3903 timet
1146 3864 1226 3901 res
1250 3849 1519 3901 contrarias

512 3932 593 3985 his
602 3950 749 4001 supra
763 3936 929 3997 dietis,
942 3950 1117 4003 nempe
1133 3932 1345 3996 divitiis,
1364 3934 1517 3985 hono·

512 4016 669 4079 ribus,
690 4017 939 4083 plausibus
954 4053 971 4082 ,
989 4020 1077 4085 qui
1105 4018 1247 4069 timet
1272 4017 1518 4084 repuisam

2535 1910 2605 1969 15

1601 2112 1936 2171 paupertatem
1945 2140 1963 2169 ‚
1981 2102 2023 2153 is
2031 2101 2254 2163 miratur,
2267 2100 2606 2167 perturbatur,

1599 2188 1812 2239 afficitur
1829 2187 2000 2239 eodem
2019 2185 2161 2237 modo
2179 2201 2236 2236 ac
2255 2183 2340 2235 ille
2357 2184 2444 2251 qui
2465 2188 2632 2253 cupit,

1595 2270 1772 2323 dvitiae
1795 2280 1848 2321 et
1875 2271 2104 2321 honores.
2131 2266 2262 2318 Nam
2278 2302 2296 2331 ‚
2327 2276 2383 2316 ut
2406 2266 2478 2316 ait
2507 2264 2610 2317 Ci-

1593 2369 1706 2407 ccm
1727 2354 1780 2405 in
1799 2351 1942 2405 Orat.
1969 2368 2060 2421 pro
2078 2349 2264 2415 Sextio,
2280 2348 2383 2399 «Ei
2399 2348 2490 2416 qui
2513 2348 2614 2401 tali

1595 2454 1789 2490 rumore
1808 2446 2033 2502 tenetur,
2061 2435 2284 2503 plausum
2309 2432 2611 2483 immortali-

1595 2531 1746 2574 tatem
1757 2556 1774 2587 ,
1787 2519 1992 2572 sibilum
2009 2527 2218 2571 mortem
2230 2516 2392 2569 videri
2405 2532 2608 2569 necesse

1595 2615 1688 2657 est.
1705 2624 1734 2653 n
1753 2604 1906 2656 Pavet
1929 2602 2081 2669 igitur
2105 2610 2337 2669 uterque,
2359 2600 2404 2652 is
2423 2598 2509 2669 qui
2535 2599 2606 2650 ti-

1593 2696 1722 2751 met,
1751 2703 1814 2738 ne
1841 2685 2072 2739 eveniant
2094 2700 2206 2753 qun
2234 2684 2410 2736 timet:
2451 2683 2494 2734 is
2513 2684 2604 2753 qui

1589 2770 1743 2841 cupit,
1763 2785 1829 2821 ne
1849 2786 1948 2822 non
1966 2767 2198 2819 eveniant
2211 2782 2323 2836 quo
2337 2764 2497 2833 cupit:
2519 2763 2598 2817 sic

1589 2856 1854 2925 utrobique
1885 2852 2118 2906 molestus
2147 2851 2297 2903 simul
2330 2867 2385 2903 ac
2413 2849 2600 2917 species

1591 2940 1872 3007 improvisa,
1883 2939 1934 2989 id
1943 2948 2035 2999 est,
2045 2946 2248 2987 eventus
2260 2954 2358 2989 uon
2371 2931 2602 3004 praevisus

1591 3022 1830 3091 opprimit
1843 3031 2125 3089 utrumque.
2138 3018 2312 3070 En.--
2321 3016 2526 3088 species,
2541 3015 2595 3065 h.

1591 3120 1638 3154 e.
1679 3102 2008 3172 spectaculum
2028 3139 2043 3164 ‚
2079 3114 2158 3152 res
2183 3101 2322 3160 τίεις
2357 3097 2427 3147 sic
2451 3094 2601 3159 Virg.

1594 3186 1713 3236 AEn.
1737 3186 1814 3252 11,
1834 3201 1907 3235 vs.
1929 3195 2032 3235 ⁴07
2054 3184 2116 3232 de
2145 3178 2384 3232 Choroebo
2410 3186 2603 3245 raptam

1593 3260 1656 3321 ab
1701 3268 1928 3321 hesu‘bus
1971 3264 2291 3318 Cassandram
2339 3261 2544 3313 vidente
2584 3282 2599 3313 a

1597 3369 1624 3397 α
1642 3350 1760 3403 Non
1773 3348 1890 3403 tulit
1902 3349 2026 3400 hauc
2037 3346 2251 3418 speciem
2267 3345 2450 3401 furiata
2462 3362 2606 3407 men-

1593 3442 1640 3484 te
1662 3433 1952 3486 Chonnbus.
1978 3453 2005 3481 x>
2033 3432 2128 3483 En.

1667 3529 1750 3571 ιι.
1785 3514 2043 3575 Gaudeat,
2065 3512 2335 3577 andoleat,
2355 3524 2454 3569 etc.
2469 3513 2604 3581 Quid

1592 3600 1746 3652 refert
1763 3600 1938 3666 gaudio
1955 3616 2021 3651 an
2035 3597 2208 3650 dolore
2221 3634 2238 3661 ‚
2251 3597 2521 3666 cupiditate
2535 3612 2602 3649 an

1589 3692 1727 3735 metu
1750 3682 1929 3752 uliquis
1951 3682 2274 3751 perturbetur
2287 3718 2302 3743 ‚
2337 3680 2382 3732 si
2409 3696 2607 3747 quoque

1589 3777 1768 3818 eventu
1782 3802 1798 3829 ‚
1818 3764 1896 3817 vel
1909 3766 2086 3819 melior
2095 3765 2176 3817 vel
2187 3765 2325 3835 pejor
2335 3764 2400 3813 sit
2410 3778 2500 3815 sua
2513 3778 2605 3813 ex-

1591 3851 1889 3919 spectatione
1903 3861 1929 3917 ,·
1955 3852 2024 3903 ita
2053 3850 2326 3919 percutitur
2353 3855 2406 3896 et
2437 3860 2606 3898 move-

1589 3944 1686 3995 tur,
1700 3934 1825 3985 utin
1840 3948 1900 3985 eo
1913 3932 2077 3984 oculos
2089 3931 2266 3997 defigat
2277 3926 2418 3999 quasi
2429 3926 2608 3994 hebes,

1591 4026 1641 4068 et
1655 4018 1820 4071 animo
1833 4033 2134 4087 corporeque
2149 4011 2374 4083 torpeat?
2401 4011 2498 4064 En.
