3000 4684
1008 295 1189 362 Lm.
1246 297 1351 383 11,
1402 295 1594 365 SAT.
1647 295 1788 366 111.

2315 297 2444 396 175

346 438 697 530 Eriperem
719 487 738 524 ,
768 433 1061 528 prudens
1091 432 1349 528 placavi
1379 436 1704 528 sanguine
1731 434 1944 504 divos.-

346 555 726 648 -Nempe
746 567 895 641 tuo,
920 551 1189 625 furiose.
1204 555 1503 641 —Me0‚
1531 551 1648 622 sed
1671 577 1810 624 non
1833 552 2138 625 furiosus.

350 714 445 725 --
460 671 599 762 Qui
628 672 873 766 species
900 669 1062 740 alias
1090 673 1229 740 veri
1257 669 1656 764 scelerisque
1685 669 1972 742 tumultu

350 789 709 859 Permistas
732 786 984 880 mpiet,
1010 801 1382 856 commotus
1410 785 1802 876 habebitur3
1831 803 2061 882 atque,
2124 801 2134 812 ‘

350 904 731 976 stultitiane
758 917 972 990 erret,
1000 901 1286 971 nihilum
1316 902 1619 990 distabit,
1647 925 1736 972 an
1765 905 1886 974 ira.

2330 921 2444 960 mo

353 1024 551 1117 Ajax,
578 1047 786 1116 quum
814 1022 1189 1090 immeritos
1212 1019 1489 1112 occidit,
1519 1019 1793 1115 desipit,
1821 1039 2066 1118 agnos:

350 1141 579 1228 Quum
608 1140 903 1233 prudens
932 1135 1143 1207 scelus
1172 1137 1261 1208 ob
1293 1135 1518 1207 titulos
1547 1136 1844 1208 admittis
1869 1141 2130 1228 inanes,
2443 1227 2450 1234 .

355 1261 500 1330 stas
518 1259 773 1330 animo?
792 1275 862 1328 et
878 1282 1128 1355 purum
1148 1273 1248 1328 est
1262 1257 1429 1328 vitio
1446 1259 1596 1350 tibi,
1609 1280 1815 1353 quum
1833 1256 2286 1350 tumidumest,
2298 1259 2446 1330 cor?

357 1475 525 1529 Aulidi
556 1493 656 1530 non
689 1477 901 1531 Troadis
936 1478 1090 1542 litus,
1130 1479 1214 1530 sed
1245 1479 1365 1530 litus

356 1561 553 1614 Euboeae
586 1561 839 1616 adversum
866 1570 954 1614 est.
971 1591 1039 1601 —
1063 1563 1328 1635 Eriperem
1343 1598 1361 1623 ,

357 1645 607 1698 solverem.
640 1675 712 1685 —-
728 1644 959 1716 prudens
992 1647 1205 1715 placavi
1239 1661 1366 1698 san-

352 1732 517 1798 guine
535 1727 696 1790 divos,
714 1743 773 1782 ut
792 1729 975 1781 iactum
994 1747 1133 1781 suum
1152 1739 1366 1797 excuset,

360 1815 413 1865 id
429 1813 562 1883 quod
586 1815 641 1864 in
664 1828 724 1866 eo
745 1823 853 1865 erat
870 1811 1167 1864 laudandum
1184 1815 1371 1881 pra-,bet

362 1894 720 1960 Agamemnon,
740 1896 909 1964 aitque
934 1895 1029 1946 sibi
1050 1895 1187 1947 laudi
1210 1898 1372 1964 potius

361 1993 511 2046 quam
553 1977 723 2028 sceleri
752 1975 1041 2028 vertendum
1079 1995 1185 2030 esse
1206 2017 1221 2040 ,
1245 1977 1373 2048 quod

362 2057 598 2125 sanguine
615 2059 732 2111 deos
750 2057 974 2127 placarit,
997 2076 1095 2112 non
1111 2075 1229 2112 vero
1244 2061 1321 2130 adj
1327 2063 1372 2112 i·-

358 2143 495 2194 ciens
513 2179 527 2208 ,
562 2151 689 2194 natu
727 2145 1015 2210 sangninem
1034 2161 1091 2196 se
1112 2143 1367 2198 effudisse.

358 2225 530 2277 En.--
538 2219 695 2286 datos,
715 2235 901 2294 praeter
916 2225 1125 2278 Dianam
1150 2227 1371 2294 intelligo

358 2310 500 2378 deos,
524 2310 611 2380 qui
635 2312 689 2362 in
716 2312 925 2377 gratiam
944 2310 1114 2363 Dianae
1128 2349 1142 2374 ,
1156 2325 1271 2381 quoe
1293 2327 1374 2364 ro-

360 2395 455 2460 gati
475 2395 541 2446 ab
564 2411 621 2448 ea
646 2393 866 2463 fuerant,
894 2395 1155 2448 faciebant.

430 2477 704 2539 novilla),
722 2477 817 2530 sed
823 2495 926 2530 non
926 2475 1195 2546 fur-iosus,
1210 2492 1373 2531 meum

364 2559 564 2628 quidem
600 2561 884 2625 sangninem
922 2561 1079 2614 effudi
1102 2599 1115 2626 ,
1152 2561 1240 2613 sed
1274 2561 1376 2612 mi-

368 2643 506 2694 nime
528 2641 882 2694 tuncfiuriosus
906 2656 1059 2696 eram.
1082 2643 1258 2695 En.—
1270 2645 1384 2710 Qui

366 2727 577 2797 speeies,
600 2733 695 2777 etc.
719 2723 829 2777 Jam
848 2741 947 2778 non
966 2727 1234 2779 Stertinius
1254 2727 1377 2779 sinit

368 2808 733 2878 Agamemnona
767 2823 819 2860 se
853 2825 951 2862 non
980 2811 1223 2862 insanisse
1253 2827 1376 2879 pro-

364 2895 485 2947 bare
509 2933 524 2960 ,
560 2905 611 2947 et
646 2904 927 2960 argumenta
962 2911 1069 2964 quas
1103 2895 1378 2963 prudentiae

367 2995 469 3029 suae
512 2974 845 3043 Agamemnon
873 2977 973 3044 jam
1010 2991 1111 3046 prae
1156 2995 1209 3031 se
1245 2980 1342 3031 fert
1364 3018 1378 3045 ,

364 3059 451 3112 scil
460 3059 553 3112 icet
578 3075 631 3111 se
645 3075 735 3110 sua
754 3059 960 3128 publicis
982 3064 1229 3114 commoda
1249 3073 1383 3130 post-

366 3145 603 3211 posuisse,
622 3141 827 3196 minime
854 3145 1103 3210 ignorans,
1124 3147 1381 3215 sciensque

368 3225 727 3294 Agamemnona
754 3223 1027 3280 ambitione
1054 3239 1244 3280 tantum
1279 3231 1378 3281 im—

368 3311 561 3379 pulsum
581 3329 689 3364 esse
702 3351 718 3379 ,
737 3325 891 3382 quum
914 3327 971 3365 e'a
990 3313 1090 3365 sola
1109 3315 1235 3366 ratio
1254 3323 1383 3367 esset

370 3411 467 3463 qna
493 3395 553 3444 ad
573 3396 858 3464 capiendam
874 3395 1077 3464 Trojam
1099 3397 1195 3448 iter
1214 3395 1381 3464 aperi-

372 3487 511 3530 retur
525 3515 539 3542 ,
580 3493 635 3529 ea
676 3492 960 3546 argumenta
1003 3480 1381 3546 Agamemnonis

374 3573 489 3615 ante
498 3572 695 3631 occupat
708 3580 763 3614 ac
774 3565 979 3617 refellit.
995 3565 1349 3616 Em-senm
1365 3583 1379 3614 ε

374 3645 472 3714 Qui
509 3647 726 3701 diversas
762 3665 929 3702 rerum
962 3649 1149 3717 species
1177 3648 1345 3714 (ideas
1366 3687 1380 3714 ,

378 3731 608 3800 imagines
628 3770 642 3799 ‚
680 3734 998 3800 cogitationes
1019 3735 1069 3799 ,)
1103 3733 1235 3784 alias
1272 3733 1393 3806 ves-1⁶

380 3815 483 3877 (rei
504 3831 653 3886 aequae
678 3827 825 3886 atque
842 3813 1021 3886 ποτε)
1044 3815 1166 3868 alias
1181 3817 1385 3868 sceler-ts

379 3894 480 3963 (rei
504 3897 745 3968 scelestae)
766 3899 993 3951 eumuna
1020 3897 1313 3969 (affectuum
1338 3901 1385 3951 vi

381 3988 428 4028 et
447 3980 661 4050 impetu)
690 3983 822 4034 inter
844 4001 897 4035 se
916 3985 1202 4052 permistas,
1230 3985 1393 4052 capiet

1442 1477 1638 1548 (animo
1653 1473 1955 1546 concipiet),
1980 1479 2022 1530 is
2044 1485 2315 1530 conmotus
2334 1479 2447 1546 (af-

1439 1562 1656 1615 fectuum
1684 1561 1734 1612 vi
1759 1571 2011 1630 correptus
2032 1569 2082 1614 et
2099 1563 2410 1631 perturbatus
2429 1600 2447 1629 ,

1437 1644 1543 1696 sive
1584 1642 1817 1713 insanus)
1854 1643 2122 1695 habebam·
2151 1645 2444 1714 (dicetur);

1438 1737 1587 1798 atque
1610 1743 1763 1779 unum
1784 1727 2012 1796 idemque
2034 1727 2146 1792 erit,
2171 1737 2336 1778 utrum
2354 1725 2448 1778 ali—

1439 1813 1552 1883 quis
1581 1809 1821 1877 stultitia,
1847 1827 1908 1862 an
1943 1811 2019 1862 ira
2054 1820 2247 1878 peccet3
2269 1809 2448 1863 seelera

1442 1897 1575 1946 enim
1590 1893 1844 1946 commissa
1859 1903 2058 1944 manent
2069 1891 2453 1944 scelera.-Tu-

1442 1979 1638 2030 multus
1659 1977 1724 2030 de
1747 1974 2115 2028 vehementiore
2135 1975 2314 2028 mentis
2333 1991 2454 2046 per-

1444 2061 1760 2128 turbatione3
1783 2059 1856 2113 sit:
1885 2075 2022 2129 supr.
2051 2059 2151 2113 od.
2171 2059 2248 2126 11,
2275 2071 2358 2128 ιθ,
2381 2069 2445 2113 92

1446 2163 1473 2192 ιι
1505 2145 1676 2197 miseri
1727 2145 1909 2198 mentis
1953 2144 2222 2212 tumultus3
2249 2165 2277 2193 n
2319 2143 2457 2197 refer

1441 2242 1638 2279 omnem
1671 2241 1776 2279 rem
1808 2228 1870 2278 ad
1899 2225 2310 2294 Agamemnonem
2331 2265 2345 2294 ,
2367 2227 2458 2296 qui

1445 2323 1551 2361 rem
1573 2310 1750 2362 bonam
1775 2317 1827 2361 et
1851 2309 1998 2362 simu!
2019 2311 2268 2363 scelestam
2289 2310 2456 2362 animo

1442 2404 1749 2463 conceperat.

1518 2485 1579 2528 αι
1593 2489 1613 2528 ι
1629 2515 1640 2528 .
1669 2479 1840 2550 Ajax,
1865 2491 2030 2550 quum
2051 2478 2334 2536 :inmerito-s,
2357 2487 2452 2530 etc.

1446 2559 1664 2628 Aiacem,
1685 2562 1749 2614 ob
1770 2559 2001 2628 agnorum
2023 2564 2225 2628 caedem,
2250 2563 2454 2614 insanias

1445 2645 1627 2712 arguis,
1647 2655 1697 2697 et
1716 2655 1782 2711 te,
1803 2655 1929 2696 natue
1953 2645 2338 2716 interfectorem,
2353 2665 2452 2700 non

1447 2727 1692 2782 insanisse
1713 2725 2003 2780 contendis?
2021 2729 2192 2781 En.—
2204 2731 2266 2782 ob
2285 2733 2459 2783 titulos

1451 2815 1648 2874 thanes,
1669 2813 1772 2880 jam
1793 2827 1956 2861 veram
1977 2811 2242 2863 mactanda
2261 2815 2460 2882 Iphige-

1450 2899 1548 2950 niae
1567 2911 1761 2950 causam
1795 2893 1946 2961 tangit
1973 2893 2272 2963 Stertinius,
2297 2896 2460 2947 ambi-

1454 2983 1640 3034 tionem
1668 2975 1872 3044 scilicet,
1898 2990 1947 3031 et
1969 2977 2219 3044 gloriolam
2247 2977 2461 3044 Agame·-

1453 3065 1672 3130 mnonis‚
1687 3063 1772 3132 qui
1789 3072 1952 3114 natam
1969 3069 2178 3112 mactare
2193 3079 2290 3112 non
2307 3061 2462 3112 dubi-

1453 3147 1594 3211 tavit,
1617 3155 1674 3196 ut
1694 3145 1864 3197 caulos
1885 3145 2069 3196 inanes
2085 3145 2457 3213 adipisceretur,

1450 3244 1516 3280 sc.
1535 3243 1623 3280 rex
1639 3241 1824 3296 regum,
1841 3223 2166 3296 Trojanorum
2175 3227 2352 3292 victor,
2365 3237 2458 3280 etc.

1450 3323 1717 3365 vocaretur.
1747 3311 1844 3363 En.
1867 3342 1936 3350 -
1949 3309 2211 3382 prudens,
2243 3313 2463 3390 apprime

1453 3397 1638 3455 sciens,
1665 3393 1904 3450 consulto.
1925 3393 2226 3446 En.-—Stas
2253 3393 2464 3447 mzimo?

1454 3480 1645 3545 integer
1657 3479 1811 3531 animi
1826 3495 1878 3530 es
1888 3483 1910 3528 ?
1925 3477 2276 3529 ‘Em—scelus
2289 3475 2468 3529 adunit-

1455 3577 1561 3616 tere
1573 3575 1670 3616 est:
1695 3565 1850 3616 scelus
1864 3563 1916 3612 in
1932 3561 2150 3612 animum
2174 3561 2460 3624 admissum,

1454 3649 1511 3699 h.
1551 3667 1598 3701 e.
1639 3650 1806 3700 animo
1841 3656 2122 3714 conceptum
2163 3647 2466 3698 committere

1456 3734 1575 3784 hinc
1591 3749 1718 3800 saepe
1730 3729 1991 3782 admittere
2010 3745 2098 3797 pro
2111 3747 2126 3777 .·
2148 3732 2462 3781 committere.
2482 3768 2506 3790 .,

1458 3829 1776 3886 ——etpurum
1791 3823 1878 3870 est,
1896 3824 1988 3865 etc.
2007 3811 2092 3878 Et,
2108 3831 2256 3883 quum
2272 3815 2466 3867 animus

1458 3897 1683 3952 tumidus
1722 3909 1824 3956 est,
1864 3895 2097 3965 (inflatur
2107 3937 2124 3966 ‚
2159 3899 2430 3968 impellitur
2448 3939 2463 3962 ‚

1459 3983 1760 4050 concitatur,
1786 3999 1853 4034 sc.
1879 3981 2108 4036 inanibus
2132 3983 2290 4036 titulis
2305 4021 2322 4052 ,
2345 3999 2468 4035 vana
