3000 4684
1119 442 1308 509 Lm.
1363 442 1426 529 1,
1478 440 1668 509 sAT.
1690 448 1695 453 ·
1718 440 1818 507 11.

2426 466 2519 541 27

420 579 744 651 eruribus
771 578 915 649 haec
937 592 1220 670 metuat,
1251 579 1397 650 doti
1425 577 1785 674 deprensa3
1814 592 2082 674 egomet
2106 578 2224 648 mi.

419 698 764 786 Discincta
786 697 1010 767 tunica
1034 696 1428 793 fugiendum
1454 712 1555 771 est
1581 719 1659 769 ac
1686 695 1857 793 pede
1885 693 2099 787 nud0,

416 816 525 887 Ne
549 816 810 887 nummi
831 831 1141 911 pereant,
1169 833 1285 888 aut
1311 842 1517 912 pyga,
1542 829 1659 885 aut
1684 812 1972 909 denique
2000 814 2199 885 fama.

419 934 773 1031 Deprendi
796 936 1114 1006 niiserum
1140 952 1275 1027 est3
1303 937 1518 1007 Fabio
1542 932 1646 1005 vel
1673 934 1897 1029 judice
1922 934 2206 1004 vincam.

417 1130 645 1205 pallida,
673 1130 804 1183 male
819 1131 1004 1199 pallida
1019 1170 1036 1195 ,
1058 1143 1116 1185 ut
1130 1147 1362 1185 vesanus
1383 1141 1436 1185 et

425 1214 536 1267 alia.
568 1244 642 1255 --
675 1210 922 1275 conseris,
960 1232 1029 1270 sc.
1069 1216 1210 1269 furti.
1265 1216 1462 1275 Schol„

1506 1129 1581 1182 vel
1602 1127 2056 1197 insuper.—-Fabt'o
2072 1124 2355 1199 veljudico
2367 1128 2517 1181 vinc.

1508 1214 1559 1265 id
1586 1214 1821 1282 miserum
1848 1230 1955 1267 esse
1980 1214 2201 1266 evincant
2232 1222 2284 1265 et
2302 1213 2520 1281 probabo

425 1298 578 1370 cruq.
613 1321 640 1350 α
661 1299 842 1355 ancilla
877 1300 1180 1354 conciliatrix
1203 1300 1452 1374 adulterii·
1504 1299 1583 1351 vel
1606 1298 1765 1351 Fabio
1778 1298 1962 1365 judice.
1983 1298 2149 1351 Schol.
2169 1296 2323 1367 Cruq.
2345 1316 2373 1345 α
2389 1298 2521 1350 Satis

335 1404 343 1415 ·
425 1391 477 1439 et
494 1385 682 1436 conscia
703 1402 804 1435 suae
822 1382 1056 1435 domina.
1083 1403 1110 1437 ν

497 1479 618 1520 ¹³1.
643 1470 796 1531 Hoec,
818 1467 1089 1521 ancilla.—
1099 1478 1294 1519 metuat
1307 1484 1438 1518 cm-

424 1550 596 1611 ιϋιιε,
623 1561 811 1605 metuat
825 1586 840 1617 ,
869 1567 936 1605 ne
956 1566 1100 1605 crura
1116 1549 1438 1619 compedibus

425 1633 739 1690 innectantur
745 1662 832 1686 .--
844 1634 969 1686 Doti
975 1632 1243 1705 deprensa,
1263 1632 1438 1699 conju·-

424 1734 508 1785 ges
546 1718 602 1770 in
635 1718 880 1771 adulterio
913 1717 1230 1784 deprehensa
1262 1718 1440 1773 timere

425 1803 678 1855 debebant
713 1802 778 1855 de
807 1802 924 1853 doto
941 1834 958 1863 ,
996 1816 1142 1869 quam
1175 1800 1439 1853 secundum

430 1884 560 1952 leges
589 1884 864 1954 perdebant
892 1882 1142 1935 adultera.
1165 1912 1238 1921 -
1256 1896 1446 1955 egomet

433 1968 540 2030 mi,
587 1985 738 2035 supra
774 1987 823 2019 v.
870 1978 937 2021 37
984 1982 1092 2036 sqq.
1139 1966 1324 2019 dictum
1369 1976 1444 2019 eet

430 2051 552 2123 quid
593 2052 848 2123 deprensis
892 2052 1128 2105 adulteria
1171 2050 1442 2105 timendum

426 2146 574 2197 esset.
593 2137 689 2190 En.

503 2234 624 2277 ¹³3.
667 2223 752 2275 Ne
787 2223 992 2274 nummi
1003 2236 1249 2292 pereant,
1296 2239 1436 2291 supr.

427 2319 476 2359 v.
500 2321 568 2362 43
590 2328 602 2359 :
631 2328 660 2357 α
678 2308 816 2361 dedit
841 2308 927 2360 bic
949 2323 1041 2376 pro
1061 2322 1266 2375 corpore
1289 2324 1441 2359 num-

431 2406 554 2443 mos.
580 2412 608 2440 n
623 2390 878 2459 ——Pygm
909 2401 1050 2443 nates
1068 2410 1082 2458 3
1115 2390 1208 2442 hoc
1227 2390 1360 2441 refer
1379 2390 1442 2442 nd

431 2492 482 2526 v.
521 2486 588 2528 u
620 2494 636 2530 ·.
671 2495 698 2523 α
722 2477 854 2527 hunc
893 2476 1271 2543 perminxerunt
1304 2475 1444 2527 calo—

435 2555 1098 2627 nes...»En.·-—denique,
1121 2574 1242 2627 pro:
1265 2556 1442 2609 saltem

1509 1383 1700 1437 urbane
1726 1390 1864 1435 notat
1886 1382 2099 1434 Fabium
2115 1381 2519 1448 jurisconsultum

1510 1464 1771 1538 aliquando
1804 1468 1855 1520 in
1889 1466 2132 1519 adulterio
2157 1466 2519 1546 deprehensum
2620 1494 2625 1500 ·

1510 1552 1682 1609 fuisse.
1704 1570 1733 1603 ι)
1758 1550 1987 1605 Fortasse
2006 1548 2136 1604 idem
2154 1547 2519 1619 Fabius,quem

1509 1647 1651 1707 poeta
1662 1654 1804 1706 supr.
1828 1636 1929 1689 Sat.
1952 1636 1999 1701 1,
2022 1647 2067 1698 t,
2092 1646 2176 1700 ¹3,
2196 1644 2253 1685 ut
2273 1631 2523 1684 homr'rwm

1512 1723 1775 1794 loquacem
1801 1720 1947 1773 ridet.
1986 1718 2039 1771 Si
2073 1735 2239 1770 verum
2268 1727 2373 1785 est,
2393 1716 2525 1785 quod

1512 1806 1587 1859 ibi
1602 1804 1881 1859 observavit
1899 1812 2039 1855 vetus
2058 1802 2371 1868 scholiastes,
2392 1798 2530 1853 hunc

1511 1892 1726 1944 Fabium
1764 1888 1953 1958 aliquot
1989 1887 2173 1954 libros,
2208 1886 2273 1939 ad
2304 1886 2527 1955 philoso-

1512 1974 1685 2044 phiam
1721 1972 2001 2029 Stoicorum
2037 1968 2366 2039 pertinentes,
2397 1967 2525 2021 scri-

1514 2054 1673 2125 psisse
1686 2094 1701 2120 ,
1730 2052 1893 2123 lepide
1914 2050 2151 2105 Horatius
2174 2052 2389 2105 Fabium
2402 2089 2417 2115 ,
2450 2046 2529 2103 vel

1514 2137 1731 2192 Stoicum
1752 2178 1768 2207 ,
1809 2151 2149 2192 concessurum
2189 2134 2296 2206 ait,
2346 2146 2525 2191 sortem

1512 2219 1813 2291 deprehensi
1831 2221 1943 2274 adul
1949 2221 2041 2275 teri
2054 2221 2385 2277 miserrimam
2399 2238 2524 2273 esse.

1514 2302 1665 2359 Stoici
1694 2306 1829 2360 enim
1855 2320 2099 2359 summum
2119 2324 2364 2378 quemque
2384 2306 2529 2359 dolo·
2551 2342 2572 2360 .

1514 2404 1619 2443 rem
1655 2408 1796 2460 aequo
1826 2392 1991 2462 animo
2016 2391 2273 2443 ferendum
2300 2405 2409 2442 esse
2442 2390 2529 2441 do-

1512 2475 1705 2543 cebant,
1729 2504 1803 2513 —
1823 2476 2063 2545 vincon-1,
2093 2475 2147 2527 in
2170 2476 2263 2529 hac
2282 2491 2425 2528 causa
2446 2474 2532 2527 di-

1514 2559 1667 2611 cenda
1688 2558 1845 2613 victor
1864 2576 1972 2611 ero.
2001 2556 2101 2631 En.

508 2868 777 2924 Anum.
825 2871 1010 2941 Incipit
1042 2870 1279 2926 Horatius
1315 2874 1571 2944 querendo
1604 2872 1737 2943 quod
1776 2871 2021 2923 humanus
2054 2872 2248 2924 animus
2283 2872 2338 2924 ln
2373 2854 2539 2927 medio

435 2966 570 3010 stare
591 2958 774 3009 nesciat
788 2992 804 3020 ,
835 2968 886 3009 et
920 2958 1022 3011 fere
1043 2973 1240 3025 omnes,
1259 2960 1379 3011 dum
1400 2959 1623 3029 quzedam
1651 2957 1773 3011 vitia
1802 2956 1972 3022 fugere
1988 2956 2192 3024 volunt,
2216 2960 2273 3009 in
2296 2958 2540 3009 contraria

439 3044 712 3097 incurrant.
747 3042 840 3096 Ille
866 3044 1050 3103 scilicet
1081 3043 1214 3096 avari
1239 3062 1419 3097 nomen
1451 3056 1706 3110 metuens,
1744 3044 1802 3095 flt
1835 3042 2093 3110 prodigum
2124 3042 2237 3107 hio,
2260 3059 2325 3095 ne
2347 3042 2543 3097 dicatur

437 3130 636 3192 nebulo,
669 3128 836 3183 omnia
869 3130 969 3181 sibi
1012 3140 1157 3197 negat
1187 3140 1241 3182 et
1269 3132 1452 3183 misere
1477 3132 1615 3184 vivit.
1650 3129 1798 3185 Alter
1814 3146 1917 3182 non
1944 3130 2045 3182 nisi
2068 3138 2313 3189 mattonas
2334 3130 2543 3183 amando
2598 3172 2603 3179 .

437 3227 680 3281 nectatur,
709 3218 837 3271 alter
862 3218 1118 3287 lupanaria
1147 3216 1490 3271 tantum.colit.
1518 3218 1667 3281 Hinc,
1690 3219 1942 3273 occasione
1957 3228 2171 3289 sumpta,
2192 3231 2365 3287 pravos
2384 3217 2545 3281 etatis
2644 3234 2651 3240 ·

437 3321 540 3355 ωε
559 3321 720 3357 mores
740 3305 965 3373 increpat
983 3303 1245 3371 Horatius,
1265 3304 1608 3375 Romanosque
1626 3315 1787 3359 tentat
1804 3306 1869 3359 ab
1892 3305 2148 3359 adulteriis
2164 3314 2403 3371 avertere,
2422 3320 2541 3371 pro-

440 3394 614 3461 positis
639 3395 872 3447 omnibus
889 3394 1085 3446 damnis
1105 3396 1358 3464 quamde
1383 3394 1639 3463 oriantur3
1662 3397 1932 3467 suadetque
1956 3406 2014 3448 ut
2038 3395 2415 3461 libertinarum,
2432 3406 2541 3463 qun

441 3494 538 3531 nec
554 3480 756 3533 omnino
774 3480 982 3549 perditas
1013 3490 1160 3548 sunt,
1193 3491 1250 3534 ut
1281 3482 1591 3549 meretrices,
1620 3500 1713 3537 nec
1732 3484 1913 3537 damna
1930 3482 2181 3543 inferunt,
2204 3486 2263 3533 ut
2286 3488 2541 3548 matrone,

441 3582 611 3619 amore
635 3569 854 3621 contenti
885 3566 1007 3620 sint.
1039 3566 1174 3634 Quot
1208 3568 1343 3621 enim
1378 3569 1623 3639 deprenso
1654 3571 1877 3623 adultero
1898 3568 2123 3639 pericula·
2139 3566 2432 3620 imminent!
2458 3580 2545 3636 pe·-

439 3651 602 3704 cnniae
623 3660 675 3705 et
701 3653 846 3706 fama
867 3654 1058 3721 jactura
1072 3692 1086 3719 ,
1109 3654 1258 3720 ictus,
1283 3670 1416 3708 mors
1442 3655 1679 3727 denique.
1700 3655 1977 3719 Nonnulli,
1997 3659 2244 3708 matronas
2263 3652 2507 3721 fugientes
2526 3688 2543 3717 ,

439 3750 495 3797 et
523 3740 874 3795 libertinorum
897 3751 1091 3793 tantum
1115 3741 1270 3793 umori
1295 3740 1605 3809 indulgentes
1622 3782 1638 3808 ,
1673 3744 1795 3796 adeo
1817 3740 2031 3794 libidine
2056 3742 2149 3793 hac
2175 3738 2462 3804 insaniunt,
2489 3748 2547 3793 ut

441 3844 552 3880 eum
574 3828 638 3881 iis
656 3828 836 3881 famam
855 3838 907 3881 et
927 3828 1174 3880 fortunam
1194 3829 1429 3903 perdant3
1457 3848 1570 3899 quae
1596 3848 1694 3883 non
1720 3828 1885 3882 minor
1900 3842 2018 3881 sane
2036 3826 2249 3881 stultitia
2274 3834 2366 3882 oet.
2402 3826 2543 3881 stul·

443 3914 544 3967 tior
583 3918 734 3968 etiam
770 3916 860 3984 qui
895 3924 1174 3981 matronas,
1209 3924 1413 3985 propter
1440 3930 1608 3969 earum
1634 3914 1944 3967 nobilitatem
1967 3923 2018 3979 et
2034 3914 2264 3979 divitias,
2296 3924 2541 3980 sectatum

445 4001 550 4053 hoc
565 4004 702 4056 enim
721 4020 822 4055 non
835 4002 898 4055 ad
913 4002 1332 4070 pulchritudinem
1348 4002 1619 4072 pertinent.
1636 4001 1865 4073 nihilque
1883 4002 1943 4055 ad
1956 4002 2253 4072 voluptatem
2264 4002 2543 4056 conferunt.

445 4086 586 4155 Sapo
618 4087 770 4141 etiam
805 4088 1023 4157 pretiosa
1057 4098 1346 4141 ornamenta
1383 4104 1438 4142 ac
1469 4080 1755 4141 divitiarum
1794 4098 2054 4158 apparatus
2090 4086 2355 4142 mulierum
2390 4086 2549 4137 celant

451 4170 598 4235 sitia,
623 4173 744 4232 dum
767 4182 938 4226 contra
973 4174 1025 4225 in
1059 4170 1312 4229 libertinis
1337 4172 1465 4227 nihil
1483 4180 1640 4241 vetat,
1666 4176 1786 4244 quin
1808 4172 1974 4228 omnia
2002 4192 2101 4226 uno
2120 4178 2315 4241 aspectu
2335 4168 2542 4237 judicet.
