3000 4684
1105 359 1288 426 Lm.
1341 359 1404 446 1,
1457 359 1647 428 sA‘r.
1698 363 1784 430 v.

411 493 713 562 Setosam
741 489 886 560 laevi
911 491 1202 564 frontem
1231 509 1623 589 turpaverat
1648 499 1804 566 oris.

413 611 830 704 Campanum
855 610 926 679 in
949 611 1294 702 morbum,
1319 614 1392 682 in
1419 613 1659 684 faeiem
1686 613 2016 710 permulta
2037 618 2329 712 jocatuS,

411 729 756 798 Pastorem
785 731 1056 802 saltaret
1083 733 1178 801 uti
1206 729 1529 827 Cyclopa,
1560 733 1875 828 rogabat3

412 845 529 916 Nil
557 845 654 916 illi
681 845 864 920 larva
882 901 901 939 ,
930 865 1048 919 aut
1069 851 1344 944 tragicis
1371 876 1539 946 opus
1567 877 1708 921 esse
1736 853 2103 923 cothurnis.

410 961 624 1032 Multa
647 965 960 1034 Cicerrus
988 964 1075 1034 ad
1103 960 1250 1034 haec
1275 993 1291 1034 ε
1321 965 1635 1038 donasset
1655 970 1885 1063 jamne
1912 985 2217 1041 catenam

409 1082 514 1149 Ex
535 1096 690 1151 voto
714 1083 1032 1174 Laribus,
1058 1085 1436 1178 quaerebat?
1460 1087 1681 1156 scriba
1710 1086 1901 1182 quod
1930 1105 2130 1177 esset,

411 1197 726 1267 Deterius
759 1197 978 1268 nihilo
1010 1199 1300 1271 dominre
1327 1204 1436 1296 jus
1469 1227 1631 1272 esse.
1668 1205 1981 1300 Rogabat

412 1315 758 1409 Denique,
792 1340 913 1386 cur
947 1341 1239 1412 unquam
1275 1315 1588 1413 fugisset3
1626 1320 1735 1388 cui
1767 1323 1924 1390 satis
1948 1345 2092 1392 nna

410 1431 640 1500 Farris
675 1430 848 1500 libra
884 1431 1095 1522 foret,
1131 1431 1374 1530 gracili
1412 1434 1507 1504 sic
1543 1449 1813 1528 tamque
1844 1435 2089 1530 pusillo
2102 1439 2147 1507 Ρ·

2348 363 2499 478 Ι65

2424 974 2502 1032 6⁵

410 1616 602 1658 mentm
629 1605 694 1658 de
724 1615 916 1660 exsecto
949 1607 1002 1658 in
1040 1605 1216 1660 Messii
1253 1607 1420 1660 fronte
1491 1608 1581 1676 qui
1614 1609 1873 1661 servilibus
1902 1622 2009 1663 erat
2042 1565 2321 1680 natalibus,
2346 1627 2508 1669 sumta

404 1707 558 1742 cornu
575 1692 644 1742 sit
659 1690 867 1742 loeutus.
891 1689 1025 1741 Nam
1053 1689 1181 1741 foeda
1199 1707 1420 1753 verram,
1494 1692 1813 1745 translatione
1830 1711 1859 1745 a
1882 1697 2129 1760 generosis
2154 1697 2320 1764 pueris
2334 1737 2353 1760 ‚
2384 1699 2509 1767 qui,

404 1774 547 1840 wius
573 1785 784 1824 exsectae
807 1771 1012 1837 vestigia
1037 1773 1318 1833 exstabant,
1337 1774 1424 1824 hi·
1496 1777 1679 1840 egressi
1722 1793 1875 1829 annos
1918 1779 2144 1846 pueritiae
2162 1817 2177 1840 ‚
2209 1783 2309 1847 jam
2352 1793 2511 1836 sumta

403 1857 605 1926 spidam
640 1855 790 1920 (iai)
827 1854 961 1904 illins
999 1853 1211 1906 frontem
1247 1871 1278 1908 a
1308 1855 1428 1908 laeva
1499 1865 1627 1922 toga,
1647 1855 1757 1908 Diis
1777 1860 2037 1926 penatibus
2066 1861 2247 1925 (Schol.
2267 1863 2508 1934 Porphyr.
2592 1922 2607 1936 ,

404 1951 555 2010 parte
593 1940 806 2007 turpiter
828 1939 1200 1992 deformaverat.
1228 1967 1296 1977 —
1322 1942 1424 2000 Ae,
1497 1937 1749 2006 Lan‘hus)
1770 1940 1929 1992 bullas
1953 1960 2065 1994 suas
2084 1947 2445 2015 consecrabant,
2464 1961 2517 2002 et

403 2025 712 2079 insolentius
722 2023 824 2091 jam
837 2039 955 2093 pro:
977 2039 1204 2092 namque,
1217 2023 1422 2090 scilicet,
1497 2022 1675 2090 puellae
1710 2042 1917 2093 puppas.
1947 2025 2028 2080 Ad
2050 2031 2184 2082 hune
2213 2031 2411 2084 modum
2436 2034 2511 2086 ri-

403 2111 668 2164 nimirum.
1491 2106 1657 2158 dendo
1692 2107 1957 2177 interrogat
1992 2113 2303 2166 Sarmentum
2326 2153 2341 2182 ,
2374 2129 2511 2170 eate-

479 2205 564 2248 ⁶2.
591 2194 911 2263 Campanum
923 2192 980 2242 in
991 2189 1238 2242 morbum.
1253 2191 1414 2245 Schol.
1491 2208 1671 2244 namne
1691 2209 1827 2244 suam
1849 2206 1900 2245 et
1914 2199 2169 2266 compedes
2185 2199 2295 2254 Diis
2307 2219 2509 2272 suspen-

402 2277 555 2349 Crnq.
571 2298 599 2328 ιι
613 2279 706 2332 hoe
721 2277 858 2330 enim
873 2274 1014 2344 quasi
1035 2290 1064 2326 a
1083 2269 1258 2344 natura
1270 2275 1416 2328 Cam·
1487 2274 1659 2342 disset,
1675 2278 1863 2346 quibus
1892 2280 1995 2349 ipse
2013 2299 2183 2334 servus
2202 2283 2376 2338 fuisset
2389 2305 2506 2340 con-

407 2363 549 2432 panis
577 2361 684 2414 fere
709 2359 944 2414 omnibus
967 2358 1131 2423 inest,
1152 2367 1210 2408 ut
1239 2360 1414 2427 capitis

409 2445 710 2513 temporibus
726 2458 913 2510 magna
929 2457 1142 2492 verruca
1161 2441 1415 2494 innascan-

408 2537 493 2578 tur
517 2527 572 2578 in
598 2526 794 2578 modum
815 2539 1052 2578 cornuum
1072 2560 1086 2588 ,
1114 2539 1236 2592 quas
1259 2543 1411 2592 quum

409 2609 568 2665 incidi
611 2609 825 2674 faciunt,
859 2608 1106 2660 cicatrices
1151 2609 1204 2659 in
1253 2609 1418 2662 fronte

409 2701 613 2744 manent
629 2729 644 2758 ,
661 2692 804 2760 qnasi
824 2701 950 2742 notas
971 2701 1272 2743 enectorum
1300 2710 1412 2744 cor-

407 2791 582 2828 nuum.
606 2774 666 2826 In
687 2775 818 2827 hune
831 2789 946 2839 ergo
963 2772 1186 2824 morbum
1205 2810 1218 2835 ,
1241 2774 1290 2826 id
1312 2785 1412 2840 est,

409 2859 554 2912 faciei
587 2859 764 2912 vitium
784 2897 800 2921 ,
827 2857 1020 2924 jocatur
1056 2857 1355 2910 Sarmentus.
1383 2878 1412 2906 n

407 2941 798 3012 —infieiem‚
830 2959 894 2994 sc.
925 2941 1052 2994 foede
1074 2951 1316 3009 turpatam
1326 2971 1415 2992 .—

1483 2361 1776 2412 catenatus?
1802 2382 1829 2409 n

1556 2455 1643 2498 66.
1682 2445 1863 2500 Scriba
1897 2448 2042 2520 quod
2072 2465 2229 2512 eust,
2262 2454 2502 2508 Deterius

1484 2527 1661 2590 nihilo,
1686 2541 1777 2584 ete.
1798 2531 1943 2599 Quod
1958 2537 2116 2590 scriba
2136 2555 2269 2590 nune
2284 2552 2432 2606 esset,
2450 2541 2502 2592 id

1486 2628 1551 2663 ne
1584 2613 1845 2666 minimum
1879 2616 2079 2684 quidem
2112 2620 2175 2672 de
2200 2622 2348 2688 jure,
2369 2623 2501 2692 quod

1485 2695 1683 2748 domina
1720 2697 1881 2749 adhue
1916 2699 2022 2753 viva
2061 2702 2113 2752 in
2151 2721 2263 2755 eum
2288 2706 2501 2770 habeat,

1485 2779 1724 2830 deterere.
1741 2780 1815 2830 Ea
1830 2781 1963 2832 enim
1978 2799 2181 2836 munera
2194 2787 2337 2852 vulgo
2348 2791 2502 2842 servis

1487 2871 1577 2911 aut
1592 2861 1845 2912 libertinis
1864 2863 2313 2932 committebantur,
2328 2870 2417 2937 qui
2435 2870 2503 2922 li—

1487 2953 1703 2993 terarum
1724 2942 1873 3010 periti
1892 2954 2051 2996 erant.
2068 2963 2251 2995 ——cur
2271 2966 2503 3020 unquam

408 3025 670 3077 Pauor-em
697 3023 948 3094 Cyclopa,
979 3041 1154 3091 nempe
1171 3023 1414 3092 Polyphe-
1469 3019 1725 3092 fugisset,
1751 3041 1779 3076 e
1795 3025 1939 3078 domo
1965 3043 2061 3076 suae
2084 3026 2294 3079 dominae
2311 3050 2325 3099 3
2344 3032 2415 3083 sie
2432 3033 2503 3084 il-

407 3127 566 3175 mum,
583 3111 794 3162 saltam
811 3107 1130 3177 (ὀρχήσαιτο)
1150 3145 1166 3174 ‚
1192 3107 1412 3161 saltando

403 3195 736 3263 exprimeret3
773 3193 966 3246 saltatio
995 3203 1154 3246 autem
1178 3191 1264 3243 illa
1286 3207 1412 3259 pan-

405 3279 671 3342 tomimica,
682 3295 791 3348 quae
807 3277 1020 3346 Cyclops
1029 3275 1310 3341 vocabatur,
1330 3291 1412 3326 ex-

407 3363 640 3431 pressisse
669 3363 863 3415 videtur
893 3359 1122 3414 ridiculas
1138 3397 1153 3422 ‚
1187 3375 1308 3429 quas
1329 3375 1412 3410 va-

403 3445 574 3496 stioris
588 3445 802 3514 corporis
823 3443 1152 3514 Polyphemus
1167 3442 1298 3511 apud
1311 3441 1412 3494 Ga-

403 3527 584 3580 lateam
605 3527 740 3591 feeit,
756 3525 1214 3584 deficiam—larva,
1229 3523 1416 3577 scilicet

401 3613 494 3682 qui
504 3611 608 3678 jam
623 3627 712 3680 per
725 3629 780 3663 se
791 3611 972 3662 toedum
981 3609 1168 3662 vultum
1181 3605 1412 3672 ostendit,

404 3693 453 3748 ei
471 3712 572 3747 non
589 3709 716 3762 opus
737 3703 812 3746 est
829 3693 1049 3748 foedioris
1068 3691 1230 3744 vultus
1245 3690 1412 3754 lat-vu

405 3779 560 3848 etqui
580 3778 684 3847 jam
707 3796 798 3847 per
825 3795 882 3830 se
909 3775 1182 3842 grandioris
1201 3773 1418 3842 eorporis

405 3861 531 3918 mole
547 3863 758 3926 eminet,
781 3863 826 3913 is
846 3879 946 3914 non
965 3869 1074 3927 eget
1094 3859 1366 3911 cothurnis.

477 3957 562 4001 οδ.
592 3947 1043 4018 Donassetjamne
1072 3955 1304 3996 catenam
1327 3941 1416 3994 Ex

404 4041 522 4082 voto
550 4029 792 4081 Laribus.
829 4028 994 4082 Scbol.
1020 4027 1175 4096 Cruq.
1200 4045 1226 4074 α
1249 4023 1416 4078 Urba·

408 4114 520 4167 nius
550 4114 657 4166 hee
683 4115 817 4166 dicta
853 4122 970 4166 sunt
995 4112 1048 4164 in
1075 4111 1416 4180 Sarmentum,

1483 3107 1587 3158 lum
1612 3125 1718 3160 esse
1748 3107 2006 3176 fugitivum
2029 3127 2223 3164 servum
2247 3116 2497 3180 arguebat.

1482 3221 1555 3230 —
1570 3192 1665 3243 cui
1691 3183 1815 3244 suits
1848 3211 1957 3246 una
1979 3195 2156 3248 Farris
2171 3195 2502 3267 'libr-asbret,-

1483 3275 1737 3342 fugiebant
1745 3276 1873 3328 servi
1882 3276 2055 3330 durius
2064 3279 2317 3332 adominis
2328 3279 2505 3346 habiti,

1483 3369 1569 3409 aut
1596 3359 1683 3427 qui
1712 3359 1842 3412 datis
1876 3361 2123 3414 alimentis
2154 3379 2254 3414 non
2286 3368 2509 3420 contenti

1483 3451 1641 3494 erant.
1660 3442 1885 3496 Diarium
1902 3455 2084 3512 autem,
2099 3446 2174 3497 vel
2192 3445 2373 3496 diurna
2390 3465 2503 3515 por-

1486 3527 1558 3578 tio
1590 3527 1741 3580 servis
1764 3539 1871 3582 erat
1891 3529 2037 3581 farris
2064 3529 2193 3580 libra
2212 3529 2265 3582 in
2288 3530 2503 3596 singulos
2540 3589 2551 3604 ,

1483 3609 1619 3675 dies,
1654 3629 1717 3666 ex
1752 3611 1859 3678 lege
1896 3631 1976 3664 ιιι
2015 3612 2329 3664 tabularum:
2365 3619 2501 3684 «qni

1485 3710 1599 3746 eum
1620 3695 1837 3748 vinctum
1857 3695 2089 3757 habebit,
2108 3695 2263 3748 libras
2282 3697 2425 3751 farris
2446 3701 2501 3755 in

1485 3777 1595 3830 dies
1612 3778 1745 3832 dato.
1774 3799 1801 3828 π
1826 3779 1995 3831 En.-
2008 3781 2208 3849 gracili
2230 3781 2304 3834 sic
2316 3799 2337 3847 ,·
2360 3795 2505 3853 negat

1487 3862 1707 3914 Messius
1748 3863 2017 3930 parciorem
2051 3863 2213 3918 eibum
2250 3866 2503 3922 Sat-mento

1487 3942 1709 4009 fugiendi
1734 3960 1926 3996 eausam
1960 3935 2129 4014 fuisse,
2149 3949 2279 4019 quod
2302 3965 2502 4029 propter

1483 4025 1705 4093 corporis
1722 4026 2033 4094 exiguitatem
2056 4029 2199 4084 facile
2214 4033 2359 4088 farris
2370 4035 2501 4086 libra

1485 4119 1743 4162 contentus
1768 4128 1873 4164 esse
1894 4125 2100 4182 poterat.
2132 4115 2229 4167 En.

2168 4203 2207 4271 5
