3000 4684
499 343 606 435 xij
827 342 962 409 DE
1005 342 1444 411 ORIGIHE
1487 344 1613 410 ET
1656 345 2243 414 PROGRESSU

495 478 824 553 Ridicula
841 496 1088 553 autem
1107 495 1184 553 et
1203 482 1515 552 omnino
1536 481 1711 553 fiilsa
1724 498 1835 553 est
1848 481 2575 576 hujusdistinction'u

493 620 614 689 a,
643 622 866 695 quain
889 596 1132 670 reddit
1155 598 1362 669 ratio.
1393 602 1555 669 Non
1586 599 1759 669 satis
1782 600 2327 695 investigaverat
2346 600 2575 673 bomo

493 714 800 815 simplex
841 731 1174 787 naturam
1205 729 1282 787 et
1313 716 1671 811 originem
1708 716 2087 813 utriusque
2106 718 2387 809 Satine,
2412 742 2575 815 qiiae

493 834 806 907 omnino
829 831 1366 905 conveniebant
1391 846 1541 905 tam
1560 834 1855 904 materia
1876 857 2101 930 quam
2126 834 2379 905 forma.
2394 841 2573 907 Nam

491 948 678 1021 nihil
719 974 810 1023 eo
839 949 1172 1022 attulemt
1193 948 1517 1021 Lucilius
1548 964 1807 1047 preter
1832 950 2093 1021 nitoris
2116 966 2191 1021 et
2212 951 2383 1022 salis
2406 952 2571 1049 plu·

489 1066 812 1157 sculum,
843 1069 918 1139 in
955 1090 1238 1139 sumina
1271 1068 1378 1139 rei
1405 1066 1609 1139 nulla
1642 1068 1911 1163 insigni
1938 1068 2335 1143 variatione
2364 1069 2569 1141 fama.

489 1188 576 1255 Et
593 1208 1010 1283 quanquam
1033 1210 1186 1257 non
1215 1186 1693 1281 conjunxerat
1718 1183 1926 1282 plura
1943 1208 2283 1255 versuum
2310 1209 2573 1280 genera

487 1304 566 1375 in
603 1302 860 1375 eodem
899 1304 1254 1395 carmine,
1293 1304 1484 1376 sicut
1522 1304 1838 1393 Ennius,
1878 1303 2141 1375 fecerat
2178 1319 2423 1375 tamen
2454 1302 2569 1375 di·

485 1444 692 1491 versa
733 1421 1090 1511 carmina,
1135 1445 1450 1517 quorum
1491 1420 1633 1491 alia
1672 1422 1953 1517 integra
1990 1420 2315 1492 versibus
2350 1420 2569 1493 hexa-

485 1538 766 1629 metris,
803 1537 940 1609 alia
979 1537 1344 1629 iambicis,
1373 1538 1519 1608 ulia
1556 1537 1939 1610 trochaicis
1980 1535 2445 1626 constabant,
2484 1550 2575 1608 ut

481 1652 711 1752 liquet
735 1655 1076 1752 exipsius
1105 1654 1545 1750 fragmentis.
1572 1660 1665 1725 Ut
1696 1656 1921 1726 verbo
1956 1654 2221 1743 dicam,
2256 1655 2321 1725 si
2354 1654 2565 1725 Luci-

481 1770 692 1844 lianae
733 1772 976 1845 Satirae
1017 1770 1284 1843 diversi
1325 1772 1609 1867 generis
1650 1772 1747 1845 ab
1786 1774 2135 1844 Ennianis
2178 1770 2345 1843 ideo
2386 1796 2565 1842 cen·

482 1888 724 1962 sendae
779 1892 963 1979 sint,
1017 1890 1218 1987 quod
1275 1889 1394 1962 ille
1451 1890 1655 1963 hunc
1710 1888 2081 1961 scribendi
2138 1904 2291 1961 arte
2346 1888 2565 1985 longe

479 2010 942 2103 superaverit,
975 2010 1084 2077 uti
1123 2006 1357 2078 voluit
1387 2008 1901 2097 Casaubonus,
1940 2030 2399 2105 consequens
2429 2008 2569 2079 erit

479 2124 756 2195 Horatii
798 2147 1092 2220 quoque
1137 2124 1396 2195 Satiras
1440 2149 1483 2196 a
1526 2124 1913 2198 Lucilianis
1958 2124 2226 2197 diversi
2268 2148 2563 2223 prorsus

479 2240 701 2315 fuisse
737 2242 1056 2339 generiS,
1097 2242 1693 2349 quandoquidem
1734 2244 2069 2315 Horatius
2114 2268 2271 2317 non
2318 2243 2558 2315 minus

481 2359 716 2431 evexit
759 2360 1018 2431 Satiras
1059 2384 1224 2433 suas
1275 2386 1492 2459 supra
1536 2360 1931 2449 Lucilium,
1972 2384 2191 2456 quam
2242 2359 2361 2433 ille
2400 2384 2565 2431 suas

481 2500 564 2547 su
573 2500 700 2575 pra
717 2478 1036 2548 Ennium
1060 2492 1132 2550 et
1154 2478 1543 2549 Pacuvium
1562 2493 1910 2549 evexerat.
1930 2481 2253 2547 Douzam
2268 2499 2562 2573 quoque

483 2594 714 2667 filium
749 2594 996 2668 fefellit
1031 2598 1164 2669 iste
1195 2597 1571 2670 Diomedis
1598 2594 1825 2668 locus.
1861 2600 2018 2667 Hoc
2052 2619 2205 2665 non
2240 2618 2331 2665 eo
2376 2593 2563 2683 dixi,

477 2712 680 2810 quod
707 2737 1022 2785 errorem
1057 2714 1290 2787 levem
1324 2729 1695 2785 tantorum
1738 2713 2057 2781 virorum
2094 2724 2349 2781 notare
2390 2734 2563 2804 gau·

480 2828 726 2921 deam,
768 2830 896 2903 sed
934 2831 1174 2904 solum
1213 2846 1296 2904 ut
1338 2831 1865 2917 demonstrem,
1894 2840 2165 2921 quanta
2186 2850 2357 2897 cum
2386 2849 2556 2897 cura

479 2960 551 3017 et
598 2946 871 3019 cautela
915 2972 1170 3021 eorum
1215 2972 1435 3045 opera
1477 2946 1717 3041 legere
1758 2958 2125 3040 oporteat,
2171 2943 2297 3017 ubi
2348 2942 2438 3014 de
2486 2966 2565 3014 re

479 3062 788 3134 obscura
813 3063 997 3137 adeo
1023 3079 1098 3136 et
1121 3066 1418 3159 antiqua
1445 3063 1707 3157 agitur.

574 3181 904 3278 Antiquae
920 3183 1160 3253 Satirae
1177 3182 1270 3253 ad
1293 3205 1527 3253 scenae
1550 3204 1765 3251 usum
1782 3136 2203 3275 compositae
2226 3192 2561 3249 naturam

475 3298 827 3371 declaravi
831 3299 1167 3397 ,planum
1193 3298 1328 3369 feci
1357 3296 1531 3368 inde
1558 3294 1969 3391 exemplum
1995 3294 2137 3365 sihi
2164 3294 2557 3390 sumpsisse

473 3418 834 3509 Ennium,
863 3418 1033 3489 satis
1067 3415 1382 3512 denique
1417 3412 1929 3486 confirmatum
1971 3409 2140 3484 dedi
2178 3410 2395 3481 Ennii
2437 3412 2563 3479 Pa-

472 3536 810 3634 cuviique
843 3534 1168 3631 ejusdem
1203 3558 1358 3605 esse
1391 3534 1671 3628 generis
1712 3554 1883 3602 cuin
1918 3531 2165 3603 Satiris
2198 3527 2455 3599 Lucilii
2490 3540 2563 3597 et

470 3653 774 3741 Horatii,
807 3650 1010 3750 quod
1045 3664 1286 3721 tamen
1323 3672 1613 3721 carmen
1648 3672 1801 3720 non
1830 3648 1973 3717 nisi
2008 3645 2103 3717 ab
2134 3644 2431 3749 Horatio
2466 3640 2563 3715 ad

469 3792 894 3865 supremum
923 3766 1284 3862 fastigium
1318 3765 1755 3863 perductum
1792 3778 1923 3835 est.
1954 3766 2111 3835 Jam
2135 3760 2230 3831 ad
2252 3758 2559 3830 alterum

473 3886 710 3958 Satirae
758 3910 1018 3981 genus,
1074 3884 1274 3981 quod
1328 3884 1569 3979 recepi
1624 3880 2145 3979 exponendum
2166 3932 2187 3969 ,
2236 3875 2435 3973 quod
2488 3892 2558 3949 et
