3000 4684
753 399 861 470 IN
908 398 1479 468 EPISTOLAM
1528 399 1657 466 AD
1705 395 2139 468 PISONES.
2338 393 2480 494 569

414 539 719 612 Magnumz
753 543 1025 596 Δινωτοῖσι
1054 538 1305 613 λέχεσσι,
1329 541 1773 616 τετορευμένοις,
1799 543 2117 615 τορνευτοῖς,
2145 535 2476 616 ἦστρογγύ-

417 641 552 701 λαις·
582 634 721 700 δῖνος
740 640 850 714 γὰρ
878 637 905 694 ὁ
935 638 1137 714 ripaue.
1160 657 1185 684 υ
1224 633 1532 709 Apuleius,
1558 635 1646 691 De
1671 634 1896 691 Mundo
1918 655 1933 690 ε
1955 659 1980 687 α
2005 635 2086 692 Ut
2119 634 2180 690 in
2197 637 2482 692 tornando

416 733 617 791 artifex
640 733 784 790 solet
808 731 1027 809 forcipe
1057 731 1347 789 materiam
1370 733 1838 808 comprehensam
1865 713 2154 808 reciproco
2193 734 2484 790 volumine

416 833 735 888 rotundare.
760 853 785 882 n
807 831 1039 898 Plinius,
1070 830 1210 887 nist.
1226 831 1384 898 XVI,
1408 836 1482 897 40
1505 851 1558 885 :a
1572 831 1865 889 Thericles
1887 833 2086 890 calices
2115 849 2184 888 ex
2213 831 2484 887 Terebin-

417 927 515 985 tho
537 927 732 985 solitus
758 926 943 985 facere
973 937 1158 982 tomo.
1186 951 1211 978 ι»
1232 927 1397 996 XIII,
1421 947 1485 1003 9:
1517 951 1542 978 α
1557 928 1800 1003 Lignum
1831 927 2025 1006 (Cael)
2043 927 2221 984 firmae
2242 927 2484 993 duritiae,

418 1045 490 1084 ex
516 1045 635 1102 quo
662 1029 877 1085 velares
914 1027 1219 1084 detornant
1249 1029 1472 1084 anulos.
1494 1049 1521 1078 s
1560 1029 1652 1084 XI
1668 1067 1686 1095 ,
1724 1028 1830 1104 39²
1856 1052 1881 1080 α
1901 1025 2308 1106 Hippopotami
2349 1026 2500 1084 corii

416 1129 727 1188 crassitudo
752 1130 895 1197 talis,
917 1140 984 1184 ut
1003 1127 1137 1185 inde
1164 1140 1463 1186 tornentur
1475 1129 1662 1186 hastae.
1677 1153 1703 1180 a
1726 1129 1984 1186 XXXVI
1999 1169 2016 1199 ,
2047 1129 2143 1186 13:
2161 1159 2184 1180 ‹-
2205 1126 2488 1185 Turbines

416 1227 491 1284 ita
518 1226 714 1283 librati
757 1225 1185 1302 pependerunt,
1226 1236 1293 1283 ut
1321 1246 1509 1302 puero
1537 1228 1956 1304 circumagente
1991 1239 2350 1284 tornat-entur
2384 1243 2488 1282 co-

415 1325 641 1382 lumnae.
658 1349 681 1375 υ
702 1323 939 1392 Ibidem,
966 1345 987 1380 1
1000 1324 1035 1381 8
1050 1345 1064 1380 ε
1077 1323 1294 1381 «Albos
1315 1325 1544 1400 Iapides
1561 1336 1726 1381 tomo
1746 1301 2027 1394 duridres,
2046 1343 2219 1399 quam
2237 1323 2448 1380 Parios.
2462 1345 2488 1372 u

418 1422 490 1478 Et
509 1439 581 1478 aa
606 1442 623 1477 :
650 1424 720 1476 In
750 1419 972 1497 Siphno
998 1421 1153 1496 lapis
1188 1431 1295 1490 eet,
1332 1421 1433 1495 qui
1472 1415 1704 1478 cavatur
1731 1433 2102 1496 tornaturque
2135 1421 2195 1476 in
2221 1439 2352 1476 vasa
2377 1438 2486 1476 co-

417 1518 657 1592 quendis
682 1517 821 1576 cibis
846 1519 1023 1575 utilia.
1048 1542 1074 1570 n
1110 1519 1185 1574 Et
1206 1519 1279 1574 26
1304 1539 1319 1574 z
1342 1543 1366 1570 α
1386 1519 1614 1575 Vitrum
1644 1518 1799 1576 aliud
1839 1517 1977 1576 flatu
2001 1518 2301 1596 figuratur,
2334 1517 2489 1574 aliud
2573 1539 2584 1546 ·

418 1627 581 1671 tomo
612 1617 831 1686 teritur,
865 1615 1019 1673 aliud
1047 1616 1270 1692 argenti
1302 1615 1479 1673 modo
1506 1617 1756 1673 caelatur.
1778 1640 1802 1662 ν·
1829 1615 2131 1692 Virgilius,
2152 1619 2366 1690 Georg.
2393 1615 2485 1670 11:

420 1741 445 1764 υ
464 1715 583 1772 'Nec
608 1715 739 1771 tiliae
764 1716 912 1772 leves
932 1727 989 1773 et
1010 1729 1176 1774 torno
1199 1716 1376 1773 rasile
1393 1717 1626 1773 buxum.
1648 1739 1671 1766 n
1699 1716 1860 1772 Idem
1875 1757 1891 1785 ,
1916 1716 2112 1790 Eclog.
2133 1715 2219 1778 111
2233 1756 2250 1784 ,
2275 1714 2346 1770 de
2373 1732 2485 1787 po-

416 1811 560 1869 culis
579 1810 808 1888 faginis:
831 1841 856 1864 ιι
874 1815 1049 1870 Lenta
1069 1815 1279 1888 quibus
1299 1813 1654 1886 tornofacilc'
1674 1813 2036 1890 superaddita
2056 1813 2184 1870 vitis
2197 1853 2214 1882 ,
2238 1811 2492 1870 Diffusos

419 1909 590 1966 edera
614 1909 781 1966 vestit
806 1909 1055 1985 pallente
1083 1911 1403 1990 corymbos.
1426 1935 1451 1962 n
1488 1913 1676 1982 Quem
1707 1912 1898 1968 locum
1926 1911 2151 1987 egregie
2177 1908 2494 1986 explicabat

418 2007 569 2063 idem
599 2007 931 2064 Salmasius:
972 2007 1355 2083 Supemddita
1370 2007 1560 2081 facili
1589 2020 1754 2064 tomo
1769 2048 1787 2077 ,
1816 2027 1949 2064 casu
1980 2007 2206 2064 dativo:
2234 2007 2490 2090 hocxest,

421 2105 578 2180 ligno
604 2105 765 2180 prius
790 2105 949 2162 torni
974 2125 1084 2181 ope
1111 2117 1406 2176 excavato,
1436 2104 1562 2163 vitis
1583 2117 1640 2163 et
1660 2107 1829 2164 edera
1855 2107 1976 2164 caeli
1995 2117 2118 2162 arte
2137 2104 2488 2180 superadde·
2539 2101 2542 2106 ’

404 2200 650 2258 bantur.
678 2201 913 2258 Frustra
940 2211 1098 2271 sunt,
1127 2201 1230 2275 qui
1250 2201 1414 2258 aliam
1440 2202 1969 2278 interpretationem
1997 2202 2091 2260 hic
2116 2209 2399 2276 quaerunt.

499 2297 654 2368 Quid
681 2297 859 2374 ergo?
890 2296 1043 2354 Num
1068 2309 1168 2354 aut
1192 2298 1381 2376 lignea
1398 2298 1650 2356 vitreave
1667 2301 1878 2376 pocula
1891 2340 1908 2370 ,
1927 2311 2028 2358 aut
2049 2300 2330 2358 columnae
2347 2295 2492 2372 lapi-

418 2394 556 2462 deae,
566 2405 663 2451 aut
680 2391 849 2451 hasta·
861 2393 1131 2451 coriaceae
1147 2393 1453 2451 incudibus
1469 2394 1857 2470 parabantur?
1875 2400 1966 2454 An
1978 2396 2100 2471 jam
2120 2394 2350 2451 tandem
2367 2409 2493 2449 sen-

420 2491 529 2548 tire
552 2489 767 2565 incipis,
784 2491 1033 2548 diversas
1036 2495 1226 2570 plane
1243 2511 1367 2549 esse
1384 2513 1476 2550 res
1496 2505 1731 2551 tornum
1750 2509 1806 2553 et
1823 2495 2125 2554 incudem?
2145 2497 2290 2551 Nam
2309 2489 2495 2550 suavis

290 2631 301 2640 ›
422 2609 553 2647 sane
581 2600 665 2645 est
698 2590 1020 2660 Dacierius;
1059 2591 1161 2666 qui
1200 2591 1331 2648 ideo
1368 2602 1603 2649 tornum
1635 2593 1708 2649 ad
1739 2594 2006 2652 incudem
2032 2606 2089 2652 et
2113 2577 2277 2650 folles
2302 2588 2490 2666 perti-

419 2705 559 2744 nere
583 2687 902 2757 contendit,
930 2689 1091 2763 quod
1117 2690 1450 2766 Propertius
1478 2690 1611 2747 loco
1633 2691 1785 2749 dicto
1815 2694 2063 2748 Tomum
2087 2701 2144 2748 et
2162 2691 2332 2765 Ignes
2348 2706 2493 2746 con-

414 2783 635 2862 jungit:
672 2813 697 2838 κ
718 2787 926 2844 Desine
955 2787 1217 2846 Achilleo
1246 2807 1598 2864 componere
1619 2789 1798 2848 verba
1823 2789 2139 2858 cothurno,
2166 2785 2374 2848 Desine
2388 2825 2406 2854 ,
2438 2794 2496 2841 et

420 2882 495 2940 ad
520 2882 722 2940 molles
750 2883 1009 2940 membra
1038 2885 1259 2942 resolve
1285 2886 1516 2944 choros.
1547 2885 1742 2961 Incipe
1763 2885 1880 2960 jam
1911 2893 2150 2961 angusto
2175 2901 2370 2938 versus
2393 2881 2490 2936 in-

418 2979 651 3038 cludere
680 2993 839 3037 tomo
858 3001 877 3034 .·
906 2981 1092 3056 Inque
1120 2993 1249 3040 tuos
1276 2983 1456 3059 ignes,
1485 2981 1637 3039 dure
1664 2992 1859 3058 poeta,
1885 2981 2032 3038 veni.
2057 3006 2080 3032 u
2109 2979 2226 3037 Ubi
2261 2979 2329 3034 In
2364 2988 2496 3033 tuos

420 3077 582 3152 ignes
616 3078 761 3134 veni
792 3077 1230 3154 interpretatur,
1272 3079 1514 3158 Remiue
1553 3091 1684 3136 tuos
1713 3098 1916 3136 versus
1960 3079 2016 3135 in
2039 3077 2352 3149 fornacem
2365 3115 2387 3144 ,
2434 3085 2498 3128 ut

420 3175 707 3231 molliores
733 3175 1123 3258 indeexeant.
1157 3175 1552 3253 Obstupebam
1582 3177 1875 3253 equidem,
1897 3197 2074 3253 quum
2097 3175 2217 3233 haec
2243 3173 2496 3252 primum

418 3271 683 3347 legerem.
710 3271 853 3342 Quis
879 3271 1031 3327 enim
1062 3271 1241 3328 nescit
1280 3273 1444 3347 ignes
1477 3272 1716 3348 perinde
1749 3293 1865 3332 esse
1897 3294 1964 3331 ac
1996 3275 2275 3341 Amores,
2308 3267 2492 3326 notis-

419 3368 557 3426 sima
583 3369 766 3445 poetis
797 3367 985 3445 figura
1001 3406 1019 3437 ,
1044 3380 1110 3425 ut
1130 3367 1301 3425 Meus
1325 3369 1478 3445 ignis
1496 3373 1816 3445 Amyntas?
1843 3357 2106 3448 Praecipit
2129 3355 2300 3446 igitur
2332 3370 2496 3446 Lyn-

421 3485 553 3537 ceo,
579 3479 761 3544 poetae
787 3466 969 3543 Epico
993 3465 1093 3541 qui
1116 3467 1177 3521 in
1210 3485 1467 3525 amorem
1496 3489 1688 3545 nuper
1715 3471 2016 3541 inciderat,
2043 3483 2110 3527 ut
2139 3470 2338 3526 relicto
2369 3469 2490 3524 He-

418 3564 585 3622 roico
608 3574 663 3620 et
688 3565 893 3641 grandi
919 3563 1198 3634 carmine,
1226 3565 1428 3622 choros
1449 3578 1507 3623 et
1531 3587 1760 3626 amores
1787 3568 2035 3644 angustis
2060 3567 2248 3642 Elegis
2267 3565 2494 3624 scribat.

419 3662 575 3734 Quid
606 3661 721 3718 hoc
741 3661 876 3720 facit
898 3662 973 3719 ad
978 3661 1334 3734 fornacem?
1366 3665 1553 3721 Immo
1578 3684 1748 3736 vero,
1777 3676 1844 3722 ut
1867 3665 2242 3723 concedamus
2274 3663 2412 3732 illis,
2441 3675 2497 3720 et

419 3761 683 3816 Tot-num
712 3757 1043 3817 fabricando
1074 3759 1233 3816 ferro
1274 3760 1413 3817 olim
1453 3761 1770 3820 inserviisse
1787 3803 1805 3834 ,
1833 3774 1890 3820 et
1923 3768 2204 3844 τορνεύειν,
2233 3775 2492 3828 tornare,

416 3857 567 3914 idem
595 3873 711 3913 esse
739 3874 1173 3932 nonnumquam
1205 3877 1269 3915 ac
1296 3864 1531 3942 τορεύειν
1560 3862 1792 3929 coelaoe,
1825 3860 2111 3934 sculpat,-
2139 3875 2394 3932 quorum
2419 3856 2494 3912 il-

416 3950 521 4018 lud
546 3949 867 4008 inauditum
889 3963 999 4022 est,
1027 3951 1144 4009 hoc
1168 3952 1404 4010 falsum:
1432 3971 1749 4028 numquam
1770 3965 1956 4010 tamen
1979 3949 2250 4022 efficient,
2275 3961 2496 4007 rectum

416 4050 785 4124 probumque
824 4065 940 4108 esse
972 4046 1142 4124 quod'
1174 4052 1231 4106 in
1265 4051 1466 4108 Flacco
1508 4070 1664 4108 nunc
1703 4052 2008 4121 habemus,
2049 4053 2202 4107 male
2239 4061 2496 4129 tornatos

417 4165 618 4204 versus
643 4147 846 4204 incudi
865 4147 1183 4206 reddendos
1213 4167 1352 4204 esse.
1397 4149 1542 4206 Nam
1577 4147 1622 4206 si
1661 4149 1720 4207 id
1761 4149 2047 4226 accipiunt
2060 4189 2078 4217 ,
2108 4149 2343 4204 Ferrum
2373 4159 2490 4202 tor-
