<?xml version="1.0" encoding="UTF-8"?>
<!DOCTYPE html PUBLIC "-//W3C//DTD XHTML 1.0 Transitional//EN"
    "http://www.w3.org/TR/xhtml1/DTD/xhtml1-transitional.dtd">
<html xmlns="http://www.w3.org/1999/xhtml" xml:lang="en" lang="en">
 <head>
  <title>
</title>
<meta http-equiv="Content-Type" content="text/html;charset=utf-8" />
  <meta name='ocr-system' content='tesseract 3.04.00' />
  <meta name='ocr-capabilities' content='ocr_page ocr_carea ocr_par ocr_line ocrx_word'/>
</head>
<body>
  <div class='ocr_page' id='page_1' title='image "./quintushoratius02lemagoog_0404.png"; bbox 0 0 3000 4684; ppageno 0'>
   <div class='ocr_carea' id='block_1_1' title="bbox 516 375 659 474">
    <p class='ocr_par' dir='ltr' id='par_1_1' title="bbox 516 375 659 474">
     <span class='ocr_line' id='line_1_1' title="bbox 516 375 659 474; baseline 0.014 -28"><span class='ocrx_word' id='word_1_1' title='bbox 516 375 659 474; x_wconf 85' lang='lat'>378</span> 
     </span>
    </p>
   </div>
   <div class='ocr_carea' id='block_1_2' title="bbox 1080 367 2036 468">
    <p class='ocr_par' dir='ltr' id='par_1_2' title="bbox 1080 367 2036 468">
     <span class='ocr_line' id='line_1_2' title="bbox 1080 367 2036 468; baseline -0.004 -30"><span class='ocrx_word' id='word_1_2' title='bbox 1080 369 1169 460; x_wconf 89' lang='lat' dir='ltr'>Q.</span> <span class='ocrx_word' id='word_1_3' title='bbox 1218 368 1632 439; x_wconf 76' lang='lat' dir='ltr'>HORATII</span> <span class='ocrx_word' id='word_1_4' title='bbox 1679 367 2036 468; x_wconf 60' lang='lat' dir='ltr'>FLsccl</span> 
     </span>
    </p>
   </div>
   <div class='ocr_carea' id='block_1_3' title="bbox 510 504 2222 608">
    <p class='ocr_par' dir='ltr' id='par_1_3' title="bbox 510 504 2222 608">
     <span class='ocr_line' id='line_1_3' title="bbox 510 504 2222 608; baseline -0.007 -22"><span class='ocrx_word' id='word_1_5' title='bbox 510 517 775 608; x_wconf 85' lang='lat' dir='ltr'>Scripta</span> <span class='ocrx_word' id='word_1_6' title='bbox 806 511 911 582; x_wconf 82' lang='lat' dir='ltr'>vel</span> <span class='ocrx_word' id='word_1_7' title='bbox 944 511 1235 605; x_wconf 84' lang='lat' dir='ltr'>optima,</span> <span class='ocrx_word' id='word_1_8' title='bbox 1266 509 1558 580; x_wconf 74' lang='lat' dir='ltr'>Romani</span> <span class='ocrx_word' id='word_1_9' title='bbox 1591 522 1956 601; x_wconf 78' lang='lat' dir='ltr'><strong>pensantur</strong></span> <span class='ocrx_word' id='word_1_10' title='bbox 1987 504 2222 576; x_wconf 86' lang='lat' dir='ltr'>eadem</span> 
     </span>
    </p>
   </div>
   <div class='ocr_carea' id='block_1_4' title="bbox 509 623 2388 725">
    <p class='ocr_par' dir='ltr' id='par_1_4' title="bbox 509 623 2388 725">
     <span class='ocr_line' id='line_1_4' title="bbox 509 623 2388 725; baseline -0.004 -23"><span class='ocrx_word' id='word_1_11' title='bbox 509 633 879 725; x_wconf 83' lang='lat' dir='ltr'><strong>Scriptores</strong></span> <span class='ocrx_word' id='word_1_12' title='bbox 905 631 1192 717; x_wconf 79' lang='lat' dir='ltr'>trutina-3</span> <span class='ocrx_word' id='word_1_13' title='bbox 1224 652 1363 698; x_wconf 87' lang='lat' dir='ltr'>non</span> <span class='ocrx_word' id='word_1_14' title='bbox 1390 642 1523 714; x_wconf 83' lang='lat' dir='ltr'>est,-</span> <span class='ocrx_word' id='word_1_15' title='bbox 1547 625 1728 720; x_wconf 88' lang='lat' dir='ltr'>quod</span> <span class='ocrx_word' id='word_1_16' title='bbox 1757 624 1968 706; x_wconf 78' lang='lat' dir='ltr'>multa</span> <span class='ocrx_word' id='word_1_17' title='bbox 1989 623 2388 719; x_wconf 80' lang='lat' dir='ltr'>loquamur:</span> 
     </span>
    </p>
   </div>
   <div class='ocr_carea' id='block_1_5' title="bbox 2525 625 2607 682">
    <p class='ocr_par' dir='ltr' id='par_1_5' title="bbox 2525 625 2607 682">
     <span class='ocr_line' id='line_1_5' title="bbox 2525 625 2607 682; baseline 0 0"><span class='ocrx_word' id='word_1_18' title='bbox 2525 625 2607 682; x_wconf 79' lang='lat'>30</span> 
     </span>
    </p>
   </div>
   <div class='ocr_carea' id='block_1_6' title="bbox 506 741 2288 1197">
    <p class='ocr_par' dir='ltr' id='par_1_6' title="bbox 506 741 2206 835">
     <span class='ocr_line' id='line_1_6' title="bbox 506 741 2206 835; baseline -0.004 -16"><span class='ocrx_word' id='word_1_19' title='bbox 506 748 623 819; x_wconf 86' lang='lat' dir='ltr'>Nil</span> <span class='ocrx_word' id='word_1_20' title='bbox 650 749 829 825; x_wconf 85' lang='lat' dir='ltr'>intra</span> <span class='ocrx_word' id='word_1_21' title='bbox 856 762 957 817; x_wconf 83' lang='lat' dir='ltr'>est</span> <span class='ocrx_word' id='word_1_22' title='bbox 972 745 1231 835; x_wconf 82' lang='lat' dir='ltr'>oleam,</span> <span class='ocrx_word' id='word_1_23' title='bbox 1263 745 1357 818; x_wconf 88' lang='lat' dir='ltr'>nil</span> <span class='ocrx_word' id='word_1_24' title='bbox 1386 747 1798 816; x_wconf 56' lang='lat' dir='ltr'>extu-aeneis</span> <span class='ocrx_word' id='word_1_25' title='bbox 1829 769 1998 814; x_wconf 87' lang='lat' dir='ltr'>nuce</span> <span class='ocrx_word' id='word_1_26' title='bbox 2025 741 2206 812; x_wconf 82' lang='lat' dir='ltr'>duri.</span> 
     </span>
    </p>

    <p class='ocr_par' dir='ltr' id='par_1_7' title="bbox 506 863 2288 960">
     <span class='ocr_line' id='line_1_7' title="bbox 506 863 2288 960; baseline -0.002 -25"><span class='ocrx_word' id='word_1_27' title='bbox 506 866 833 935; x_wconf 78' lang='lat' dir='ltr'>Venimus</span> <span class='ocrx_word' id='word_1_28' title='bbox 854 863 945 936; x_wconf 82' lang='lat' dir='ltr'>ad</span> <span class='ocrx_word' id='word_1_29' title='bbox 972 886 1305 936; x_wconf 86' lang='lat' dir='ltr'>summum</span> <span class='ocrx_word' id='word_1_30' title='bbox 1330 864 1652 952; x_wconf 59' lang='lat' dir='ltr'>foi-tunm</span> <span class='ocrx_word' id='word_1_31' title='bbox 1679 863 2058 960; x_wconf 75' lang='lat' dir='ltr'>pingimus,</span> <span class='ocrx_word' id='word_1_32' title='bbox 2087 876 2288 956; x_wconf 82' lang='lat' dir='ltr'>atque</span> 
     </span>
    </p>

    <p class='ocr_par' dir='ltr' id='par_1_8' title="bbox 506 981 2194 1197">
     <span class='ocr_line' id='line_1_8' title="bbox 506 981 2194 1076; baseline -0.002 -22"><span class='ocrx_word' id='word_1_33' title='bbox 506 983 883 1075; x_wconf 76' lang='lat' dir='ltr'>Psallimus,</span> <span class='ocrx_word' id='word_1_34' title='bbox 905 999 977 1076; x_wconf 78' lang='lat' dir='ltr'>et</span> <span class='ocrx_word' id='word_1_35' title='bbox 1002 982 1336 1056; x_wconf 83' lang='lat' dir='ltr'>luctamur</span> <span class='ocrx_word' id='word_1_36' title='bbox 1360 984 1634 1054; x_wconf 79' lang='lat' dir='ltr'>Achivis</span> <span class='ocrx_word' id='word_1_37' title='bbox 1663 981 1926 1053; x_wconf 82' lang='lat' dir='ltr'>doctius</span> <span class='ocrx_word' id='word_1_38' title='bbox 1953 981 2194 1051; x_wconf 80' lang='lat' dir='ltr'>unctis.</span> 
     </span>
     <span class='ocr_line' id='line_1_9' title="bbox 600 1097 2114 1197; baseline -0.003 -25"><span class='ocrx_word' id='word_1_39' title='bbox 600 1105 669 1172; x_wconf 91' lang='lat' dir='ltr'>Si</span> <span class='ocrx_word' id='word_1_40' title='bbox 698 1100 973 1173; x_wconf 79' lang='lat' dir='ltr'>meliora</span> <span class='ocrx_word' id='word_1_41' title='bbox 996 1103 1169 1192; x_wconf 79' lang='lat' dir='ltr'>dies,</span> <span class='ocrx_word' id='word_1_42' title='bbox 1196 1117 1272 1174; x_wconf 87' lang='lat' dir='ltr'>ut</span> <span class='ocrx_word' id='word_1_43' title='bbox 1296 1104 1483 1188; x_wconf 79' lang='lat' dir='ltr'>vina,</span> <span class='ocrx_word' id='word_1_44' title='bbox 1511 1109 1828 1197; x_wconf 79' lang='lat' dir='ltr'>poemata</span> <span class='ocrx_word' id='word_1_45' title='bbox 1859 1097 2114 1187; x_wconf 80' lang='lat' dir='ltr'>reddit,</span> 
     </span>
    </p>
   </div>
   <div class='ocr_carea' id='block_1_7' title="bbox 502 1219 2396 1315">
    <p class='ocr_par' dir='ltr' id='par_1_9' title="bbox 502 1219 2396 1315">
     <span class='ocr_line' id='line_1_10' title="bbox 502 1219 2396 1315; baseline -0.003 -25"><span class='ocrx_word' id='word_1_46' title='bbox 502 1221 687 1290; x_wconf 87' lang='lat' dir='ltr'>Scire</span> <span class='ocrx_word' id='word_1_47' title='bbox 712 1219 944 1310; x_wconf 86' lang='lat' dir='ltr'>velim,</span> <span class='ocrx_word' id='word_1_48' title='bbox 972 1221 1263 1315; x_wconf 87' lang='lat' dir='ltr'>pretium</span> <span class='ocrx_word' id='word_1_49' title='bbox 1288 1220 1818 1315; x_wconf 80' lang='lat' dir='ltr'>chartis&#39;quotus</span> <span class='ocrx_word' id='word_1_50' title='bbox 1845 1230 2121 1312; x_wconf 81' lang='lat' dir='ltr'>arroget</span> <span class='ocrx_word' id='word_1_51' title='bbox 2145 1241 2396 1286; x_wconf 84' lang='lat' dir='ltr'>annus:</span> 
     </span>
    </p>
   </div>
   <div class='ocr_carea' id='block_1_8' title="bbox 2524 1213 2608 1270">
    <p class='ocr_par' dir='ltr' id='par_1_10' title="bbox 2524 1213 2608 1270">
     <span class='ocr_line' id='line_1_11' title="bbox 2524 1213 2608 1270; baseline 0 0"><span class='ocrx_word' id='word_1_52' title='bbox 2524 1213 2608 1270; x_wconf 75' lang='lat'>35</span> 
     </span>
    </p>
   </div>
   <div class='ocr_carea' id='block_1_9' title="bbox 441 1335 2452 1785">
    <p class='ocr_par' dir='ltr' id='par_1_11' title="bbox 500 1335 2284 1548">
     <span class='ocr_line' id='line_1_12' title="bbox 500 1335 2284 1432; baseline -0.001 -26"><span class='ocrx_word' id='word_1_53' title='bbox 500 1337 804 1430; x_wconf 78' lang='lat' dir='ltr'>scriptor</span> <span class='ocrx_word' id='word_1_54' title='bbox 828 1338 1075 1408; x_wconf 87' lang='lat' dir='ltr'>abhinc</span> <span class='ocrx_word' id='word_1_55' title='bbox 1100 1363 1311 1410; x_wconf 81' lang='lat' dir='ltr'>annos</span> <span class='ocrx_word' id='word_1_56' title='bbox 1338 1353 1610 1411; x_wconf 69' lang='lat' dir='ltr'>centum</span> <span class='ocrx_word' id='word_1_57' title='bbox 1638 1339 1752 1432; x_wconf 89' lang='lat' dir='ltr'>qui</span> <span class='ocrx_word' id='word_1_58' title='bbox 1783 1335 2042 1408; x_wconf 79' lang='lat' dir='ltr'>decidit</span> <span class='ocrx_word' id='word_1_59' title='bbox 2057 1384 2080 1424; x_wconf 90' lang='lat'>,</span> <span class='ocrx_word' id='word_1_60' title='bbox 2103 1335 2284 1405; x_wconf 81' lang='lat' dir='ltr'>inter</span> 
     </span>
     <span class='ocr_line' id='line_1_13' title="bbox 502 1451 2230 1548; baseline 0.002 -29"><span class='ocrx_word' id='word_1_61' title='bbox 502 1451 839 1524; x_wconf 77' lang='lat' dir='ltr'>Per-sectos</span> <span class='ocrx_word' id='word_1_62' title='bbox 866 1469 1251 1548; x_wconf 79' lang='lat' dir='ltr'>veteresque</span> <span class='ocrx_word' id='word_1_63' title='bbox 1280 1454 1524 1524; x_wconf 85' lang='lat' dir='ltr'>referri</span> <span class='ocrx_word' id='word_1_64' title='bbox 1545 1453 1804 1526; x_wconf 76' lang='lat' dir='ltr'>dehet?</span> <span class='ocrx_word' id='word_1_65' title='bbox 1833 1479 1920 1522; x_wconf 85' lang='lat' dir='ltr'>an</span> <span class='ocrx_word' id='word_1_66' title='bbox 1950 1452 2132 1524; x_wconf 86' lang='lat' dir='ltr'>inter</span> <span class='ocrx_word' id='word_1_67' title='bbox 2223 1489 2230 1500; x_wconf 90' lang='lat'><strong>·</strong></span> 
     </span>
    </p>

    <p class='ocr_par' dir='ltr' id='par_1_12' title="bbox 441 1566 1982 1668">
     <span class='ocr_line' id='line_1_14' title="bbox 441 1566 1982 1668; baseline 0.002 -31"><span class='ocrx_word' id='word_1_68' title='bbox 441 1587 450 1596; x_wconf 88' lang='lat'><em>·</em></span> <span class='ocrx_word' id='word_1_69' title='bbox 501 1566 687 1638; x_wconf 82' lang='lat' dir='ltr'>Viles</span> <span class='ocrx_word' id='word_1_70' title='bbox 713 1584 911 1667; x_wconf 89' lang='lat' dir='ltr'>atque</span> <span class='ocrx_word' id='word_1_71' title='bbox 937 1572 1191 1642; x_wconf 75' lang='lat' dir='ltr'>novos?</span> <span class='ocrx_word' id='word_1_72' title='bbox 1218 1570 1527 1642; x_wconf 87' lang='lat' dir='ltr'>excludat</span> <span class='ocrx_word' id='word_1_73' title='bbox 1547 1573 1774 1668; x_wconf 82' lang='lat' dir='ltr'>jurgia</span> <span class='ocrx_word' id='word_1_74' title='bbox 1804 1570 1982 1640; x_wconf 87' lang='lat' dir='ltr'>finis.</span> 
     </span>
    </p>

    <p class='ocr_par' dir='ltr' id='par_1_13' title="bbox 506 1687 2452 1785">
     <span class='ocr_line' id='line_1_15' title="bbox 506 1687 2452 1785; baseline -0.001 -27"><span class='ocrx_word' id='word_1_75' title='bbox 506 1691 725 1760; x_wconf 86' lang='lat' dir='ltr'>-Est</span> <span class='ocrx_word' id='word_1_76' title='bbox 748 1705 935 1762; x_wconf 81' lang='lat' dir='ltr'>vetus</span> <span class='ocrx_word' id='word_1_77' title='bbox 956 1705 1157 1785; x_wconf 86' lang='lat' dir='ltr'>atque</span> <span class='ocrx_word' id='word_1_78' title='bbox 1180 1690 1464 1784; x_wconf 78' lang='lat' dir='ltr'>probuS‚</span> <span class='ocrx_word' id='word_1_79' title='bbox 1488 1704 1764 1761; x_wconf 85' lang='lat' dir='ltr'>centum</span> <span class='ocrx_word' id='word_1_80' title='bbox 1789 1689 1906 1783; x_wconf 91' lang='lat' dir='ltr'>qui</span> <span class='ocrx_word' id='word_1_81' title='bbox 1931 1687 2200 1783; x_wconf 83' lang='lat' dir='ltr'>perficit</span> <span class='ocrx_word' id='word_1_82' title='bbox 2219 1711 2452 1758; x_wconf 71' lang='lat' dir='ltr'>annoS.</span> 
     </span>
    </p>
   </div>
   <div class='ocr_carea' id='block_1_10' title="bbox 496 1871 1520 3350">
    <p class='ocr_par' dir='ltr' id='par_1_14' title="bbox 496 1871 1520 3350">
     <span class='ocr_line' id='line_1_16' title="bbox 496 1871 1517 1940; baseline 0.008 -21"><span class='ocrx_word' id='word_1_83' title='bbox 496 1885 691 1938; x_wconf 85' lang='lat' dir='ltr'>quoque</span> <span class='ocrx_word' id='word_1_84' title='bbox 730 1871 1061 1940; x_wconf 69' lang='lat' dir='ltr'>antiquissimi</span> <span class='ocrx_word' id='word_1_85' title='bbox 1099 1871 1365 1940; x_wconf 68' lang='lat' dir='ltr'>scriptores</span> <span class='ocrx_word' id='word_1_86' title='bbox 1390 1909 1407 1938; x_wconf 88' lang='lat'>,</span> <span class='ocrx_word' id='word_1_87' title='bbox 1451 1873 1517 1926; x_wconf 72' lang='lat' dir='ltr'>ad</span> 
     </span>
     <span class='ocr_line' id='line_1_17' title="bbox 497 1954 1514 2025; baseline 0.004 -21"><span class='ocrx_word' id='word_1_88' title='bbox 497 1954 717 2006; x_wconf 80' lang='lat' dir='ltr'>eamdem</span> <span class='ocrx_word' id='word_1_89' title='bbox 729 1956 968 2008; x_wconf 76' lang='lat' dir='ltr'>trutinam</span> <span class='ocrx_word' id='word_1_90' title='bbox 978 1957 1249 2010; x_wconf 78' lang='lat' dir='ltr'>examinati</span> <span class='ocrx_word' id='word_1_91' title='bbox 1263 1967 1316 2009; x_wconf 88' lang='lat' dir='ltr'>et</span> <span class='ocrx_word' id='word_1_92' title='bbox 1329 1956 1514 2025; x_wconf 84' lang='lat' dir='ltr'>ponde·—</span> 
     </span>
     <span class='ocr_line' id='line_1_18' title="bbox 498 2035 1520 2111; baseline 0.005 -26"><span class='ocrx_word' id='word_1_93' title='bbox 498 2035 614 2102; x_wconf 84' lang='lat' dir='ltr'>rati,</span> <span class='ocrx_word' id='word_1_94' title='bbox 635 2037 881 2090; x_wconf 83' lang='lat' dir='ltr'>habentur</span> <span class='ocrx_word' id='word_1_95' title='bbox 890 2039 1063 2107; x_wconf 88' lang='lat' dir='ltr'>optimi</span> <span class='ocrx_word' id='word_1_96' title='bbox 1078 2077 1094 2104; x_wconf 89' lang='lat'>,</span> <span class='ocrx_word' id='word_1_97' title='bbox 1112 2037 1131 2105; x_wconf 88' lang='lat'>(</span> <span class='ocrx_word' id='word_1_98' title='bbox 1138 2055 1243 2090; x_wconf 81' lang='lat' dir='ltr'>non</span> <span class='ocrx_word' id='word_1_99' title='bbox 1256 2051 1346 2099; x_wconf 75' lang='lat' dir='ltr'>est,</span> <span class='ocrx_word' id='word_1_100' title='bbox 1370 2038 1520 2111; x_wconf 83' lang='lat' dir='ltr'>quod</span> 
     </span>
     <span class='ocr_line' id='line_1_19' title="bbox 496 2119 1516 2194; baseline 0.009 -26"><span class='ocrx_word' id='word_1_101' title='bbox 496 2119 659 2170; x_wconf 76' lang='lat' dir='ltr'>multa</span> <span class='ocrx_word' id='word_1_102' title='bbox 683 2122 989 2194; x_wconf 77' lang='lat' dir='ltr'>loquamur)</span> <span class='ocrx_word' id='word_1_103' title='bbox 1018 2122 1146 2176; x_wconf 83' lang='lat' dir='ltr'>nihil</span> <span class='ocrx_word' id='word_1_104' title='bbox 1174 2123 1397 2192; x_wconf 74' lang='lat' dir='ltr'>profecto</span> <span class='ocrx_word' id='word_1_105' title='bbox 1429 2125 1516 2176; x_wconf 81' lang='lat' dir='ltr'>di-</span> 
     </span>
     <span class='ocr_line' id='line_1_20' title="bbox 496 2205 1512 2276; baseline 0.009 -25"><span class='ocrx_word' id='word_1_106' title='bbox 496 2217 610 2254; x_wconf 84' lang='lat' dir='ltr'>cere</span> <span class='ocrx_word' id='word_1_107' title='bbox 621 2205 799 2257; x_wconf 81' lang='lat' dir='ltr'>attinet</span> <span class='ocrx_word' id='word_1_108' title='bbox 813 2223 828 2271; x_wconf 87' lang='lat'><strong>;</strong></span> <span class='ocrx_word' id='word_1_109' title='bbox 845 2205 1083 2258; x_wconf 79' lang='lat' dir='ltr'>hoeenim</span> <span class='ocrx_word' id='word_1_110' title='bbox 1096 2223 1233 2276; x_wconf 73' lang='lat' dir='ltr'>oque</span> <span class='ocrx_word' id='word_1_111' title='bbox 1244 2208 1512 2260; x_wconf 82' lang='lat' dir='ltr'>absurdum</span> 
     </span>
     <span class='ocr_line' id='line_1_21' title="bbox 498 2283 1509 2370; baseline 0.007 -35"><span class='ocrx_word' id='word_1_112' title='bbox 498 2294 554 2335; x_wconf 89' lang='lat' dir='ltr'>et</span> <span class='ocrx_word' id='word_1_113' title='bbox 578 2283 840 2370; x_wconf 71' lang='lat' dir='ltr'>ridiculum</span> <span class='ocrx_word' id='word_1_114' title='bbox 867 2298 971 2350; x_wconf 83' lang='lat' dir='ltr'>est,</span> <span class='ocrx_word' id='word_1_115' title='bbox 996 2304 1053 2340; x_wconf 88' lang='lat' dir='ltr'>ac</span> <span class='ocrx_word' id='word_1_116' title='bbox 1070 2289 1113 2340; x_wconf 90' lang='lat' dir='ltr'>si</span> <span class='ocrx_word' id='word_1_117' title='bbox 1131 2291 1271 2360; x_wconf 87' lang='lat' dir='ltr'>quis,</span> <span class='ocrx_word' id='word_1_118' title='bbox 1300 2290 1433 2360; x_wconf 88' lang='lat' dir='ltr'>quod</span> <span class='ocrx_word' id='word_1_119' title='bbox 1456 2291 1509 2343; x_wconf 88' lang='lat' dir='ltr'>in</span> 
     </span>
     <span class='ocr_line' id='line_1_22' title="bbox 501 2369 1508 2440; baseline 0.006 -20"><span class='ocrx_word' id='word_1_120' title='bbox 501 2369 757 2436; x_wconf 81' lang='lat' dir='ltr'>proverbio</span> <span class='ocrx_word' id='word_1_121' title='bbox 783 2371 969 2430; x_wconf 78' lang='lat' dir='ltr'>dicitnr</span> <span class='ocrx_word' id='word_1_122' title='bbox 982 2409 997 2434; x_wconf 95' lang='lat'>,</span> <span class='ocrx_word' id='word_1_123' title='bbox 1032 2374 1326 2426; x_wconf 73' lang='lat' dir='ltr'>contendere</span> <span class='ocrx_word' id='word_1_124' title='bbox 1356 2373 1477 2426; x_wconf 75' lang='lat' dir='ltr'>velit</span> <span class='ocrx_word' id='word_1_125' title='bbox 1492 2411 1508 2440; x_wconf 85' lang='lat'>,</span> 
     </span>
     <span class='ocr_line' id='line_1_23' title="bbox 499 2451 1507 2520; baseline 0.007 -19"><span class='ocrx_word' id='word_1_126' title='bbox 499 2451 573 2502; x_wconf 83' lang='lat' dir='ltr'>nil</span> <span class='ocrx_word' id='word_1_127' title='bbox 590 2452 703 2503; x_wconf 84' lang='lat' dir='ltr'>duri</span> <span class='ocrx_word' id='word_1_128' title='bbox 724 2469 831 2505; x_wconf 82' lang='lat' dir='ltr'>esse</span> <span class='ocrx_word' id='word_1_129' title='bbox 848 2452 975 2506; x_wconf 83' lang='lat' dir='ltr'>intra</span> <span class='ocrx_word' id='word_1_130' title='bbox 991 2453 1147 2508; x_wconf 81' lang='lat' dir='ltr'>oleam</span> <span class='ocrx_word' id='word_1_131' title='bbox 1171 2457 1255 2520; x_wconf 88' lang='lat' dir='ltr'>(in</span> <span class='ocrx_word' id='word_1_132' title='bbox 1275 2456 1395 2508; x_wconf 68' lang='lat' dir='ltr'>olea</span> <span class='ocrx_word' id='word_1_133' title='bbox 1412 2473 1507 2508; x_wconf 90' lang='lat' dir='ltr'>nu-</span> 
     </span>
     <span class='ocr_line' id='line_1_24' title="bbox 496 2533 1508 2612; baseline 0.001 -25"><span class='ocrx_word' id='word_1_134' title='bbox 496 2533 655 2602; x_wconf 85' lang='lat' dir='ltr'>cleo);</span> <span class='ocrx_word' id='word_1_135' title='bbox 674 2535 746 2587; x_wconf 91' lang='lat' dir='ltr'>nil</span> <span class='ocrx_word' id='word_1_136' title='bbox 764 2535 877 2588; x_wconf 84' lang='lat' dir='ltr'>duri</span> <span class='ocrx_word' id='word_1_137' title='bbox 894 2547 1031 2589; x_wconf 84' lang='lat' dir='ltr'>extra</span> <span class='ocrx_word' id='word_1_138' title='bbox 1049 2537 1104 2589; x_wconf 85' lang='lat' dir='ltr'>in</span> <span class='ocrx_word' id='word_1_139' title='bbox 1122 2555 1244 2590; x_wconf 84' lang='lat' dir='ltr'>nuce</span> <span class='ocrx_word' id='word_1_140' title='bbox 1262 2537 1345 2608; x_wconf 87' lang='lat' dir='ltr'>(in</span> <span class='ocrx_word' id='word_1_141' title='bbox 1370 2537 1508 2612; x_wconf 65' lang='lat' dir='ltr'>uncis</span> 
     </span>
     <span class='ocr_line' id='line_1_25' title="bbox 498 2618 1508 2692; baseline 0.002 -22"><span class='ocrx_word' id='word_1_142' title='bbox 498 2618 769 2688; x_wconf 80' lang='lat' dir='ltr'>putamine)</span> <span class='ocrx_word' id='word_1_143' title='bbox 782 2640 798 2686; x_wconf 70' lang='grc' dir='ltr'>ς</span> <span class='ocrx_word' id='word_1_144' title='bbox 812 2621 945 2689; x_wconf 88' lang='lat' dir='ltr'>quod</span> <span class='ocrx_word' id='word_1_145' title='bbox 956 2622 1043 2692; x_wconf 82' lang='lat' dir='ltr'>qui</span> <span class='ocrx_word' id='word_1_146' title='bbox 1056 2622 1342 2689; x_wconf 75' lang='lat' dir='ltr'>contendat,</span> <span class='ocrx_word' id='word_1_147' title='bbox 1360 2639 1508 2674; x_wconf 87' lang='lat' dir='ltr'>sensu</span> 
     </span>
     <span class='ocr_line' id='line_1_26' title="bbox 496 2703 1509 2756; baseline 0 -2"><span class='ocrx_word' id='word_1_148' title='bbox 496 2703 909 2755; x_wconf 79' lang='lat' dir='ltr'>communicaret.</span> <span class='ocrx_word' id='word_1_149' title='bbox 928 2733 1000 2744; x_wconf 89' lang='lat'>--</span> <span class='ocrx_word' id='word_1_150' title='bbox 1017 2704 1073 2753; x_wconf 90' lang='lat' dir='ltr'><em>V</em></span> <span class='ocrx_word' id='word_1_151' title='bbox 1064 2703 1265 2756; x_wconf 63' lang='lat' dir='ltr'>ent&#39;tnuls</span> <span class='ocrx_word' id='word_1_152' title='bbox 1282 2703 1357 2756; x_wconf 83' lang='lat' dir='ltr'>ad</span> <span class='ocrx_word' id='word_1_153' title='bbox 1368 2721 1509 2754; x_wconf 81' lang='lat' dir='ltr'>sum-</span> 
     </span>
     <span class='ocr_line' id='line_1_27' title="bbox 498 2785 1507 2856; baseline 0.002 -18"><span class='ocrx_word' id='word_1_154' title='bbox 498 2803 637 2838; x_wconf 83' lang='lat' dir='ltr'>mum</span> <span class='ocrx_word' id='word_1_155' title='bbox 630 2785 874 2855; x_wconf 74' lang='lat' dir='ltr'><em>fhtwnoe</em></span> <span class='ocrx_word' id='word_1_156' title='bbox 882 2823 901 2848; x_wconf 86' lang='lat'>,</span> <span class='ocrx_word' id='word_1_157' title='bbox 924 2798 1019 2840; x_wconf 83' lang='lat' dir='ltr'>ete.</span> <span class='ocrx_word' id='word_1_158' title='bbox 1039 2790 1144 2841; x_wconf 67' lang='lat' dir='ltr'>haec</span> <span class='ocrx_word' id='word_1_159' title='bbox 1161 2790 1310 2842; x_wconf 81' lang='lat' dir='ltr'>etiam</span> <span class='ocrx_word' id='word_1_160' title='bbox 1328 2805 1359 2840; x_wconf 79' lang='lat' dir='ltr'>a</span> <span class='ocrx_word' id='word_1_161' title='bbox 1378 2806 1507 2856; x_wconf 77' lang='lat' dir='ltr'>prae-</span> 
     </span>
     <span class='ocr_line' id='line_1_28' title="bbox 496 2869 1508 2940; baseline 0 -18"><span class='ocrx_word' id='word_1_162' title='bbox 496 2869 603 2922; x_wconf 87' lang='lat' dir='ltr'>ced.</span> <span class='ocrx_word' id='word_1_163' title='bbox 621 2871 989 2924; x_wconf 78' lang='lat' dir='ltr'>continuantur.</span> <span class='ocrx_word' id='word_1_164' title='bbox 1008 2872 1203 2924; x_wconf 82' lang='lat' dir='ltr'>Scilicet</span> <span class='ocrx_word' id='word_1_165' title='bbox 1218 2871 1307 2940; x_wconf 85' lang='lat' dir='ltr'>qui</span> <span class='ocrx_word' id='word_1_166' title='bbox 1326 2869 1508 2922; x_wconf 80' lang='lat' dir='ltr'>Roma-</span> 
     </span>
     <span class='ocr_line' id='line_1_29' title="bbox 500 2953 1512 3024; baseline -0.002 -18"><span class='ocrx_word' id='word_1_167' title='bbox 500 2970 588 3006; x_wconf 83' lang='lat' dir='ltr'>uos</span> <span class='ocrx_word' id='word_1_168' title='bbox 609 2953 871 3022; x_wconf 69' lang='lat' dir='ltr'>scriptores</span> <span class='ocrx_word' id='word_1_169' title='bbox 896 2973 957 3007; x_wconf 85' lang='lat' dir='ltr'>ex</span> <span class='ocrx_word' id='word_1_170' title='bbox 980 2955 1275 3024; x_wconf 80' lang='lat' dir='ltr'>antiquitate</span> <span class='ocrx_word' id='word_1_171' title='bbox 1294 2954 1512 3005; x_wconf 74' lang='lat' dir='ltr'>aestima-</span> 
     </span>
     <span class='ocr_line' id='line_1_30' title="bbox 500 3034 1511 3105; baseline 0.002 -19"><span class='ocrx_word' id='word_1_172' title='bbox 500 3035 641 3101; x_wconf 85' lang='lat' dir='ltr'>bunt,</span> <span class='ocrx_word' id='word_1_173' title='bbox 658 3034 695 3086; x_wconf 89' lang='lat' dir='ltr'>ii</span> <span class='ocrx_word' id='word_1_174' title='bbox 705 3035 876 3102; x_wconf 82' lang='lat' dir='ltr'>etiam,</span> <span class='ocrx_word' id='word_1_175' title='bbox 892 3047 989 3088; x_wconf 77' lang='lat' dir='ltr'>tam</span> <span class='ocrx_word' id='word_1_176' title='bbox 1002 3037 1212 3089; x_wconf 77' lang='lat' dir='ltr'>absurde</span> <span class='ocrx_word' id='word_1_177' title='bbox 1218 3037 1511 3105; x_wconf 78' lang='lat' dir='ltr'>judicantes,</span> 
     </span>
     <span class='ocr_line' id='line_1_31' title="bbox 496 3117 1513 3188; baseline 0 -17"><span class='ocrx_word' id='word_1_178' title='bbox 496 3117 791 3171; x_wconf 73' lang='lat' dir='ltr'>contendere</span> <span class='ocrx_word' id='word_1_179' title='bbox 810 3127 1040 3188; x_wconf 84' lang='lat' dir='ltr'>poterunt</span> <span class='ocrx_word' id='word_1_180' title='bbox 1052 3119 1179 3170; x_wconf 86' lang='lat' dir='ltr'>nibil</span> <span class='ocrx_word' id='word_1_181' title='bbox 1202 3119 1255 3170; x_wconf 90' lang='lat' dir='ltr'>in</span> <span class='ocrx_word' id='word_1_182' title='bbox 1273 3117 1381 3172; x_wconf 78' lang='lat' dir='ltr'>olea</span> <span class='ocrx_word' id='word_1_183' title='bbox 1396 3119 1513 3171; x_wconf 88' lang='lat' dir='ltr'>duri</span> 
     </span>
     <span class='ocr_line' id='line_1_32' title="bbox 500 3201 1513 3271; baseline 0 -17"><span class='ocrx_word' id='word_1_184' title='bbox 500 3219 605 3254; x_wconf 85' lang='lat' dir='ltr'>esse</span> <span class='ocrx_word' id='word_1_185' title='bbox 620 3239 635 3264; x_wconf 91' lang='lat'>,</span> <span class='ocrx_word' id='word_1_186' title='bbox 658 3211 751 3254; x_wconf 85' lang='lat' dir='ltr'>etc.</span> <span class='ocrx_word' id='word_1_187' title='bbox 778 3201 943 3253; x_wconf 76' lang='lat' dir='ltr'>dicere</span> <span class='ocrx_word' id='word_1_188' title='bbox 956 3217 1151 3271; x_wconf 82' lang='lat' dir='ltr'>qnoque</span> <span class='ocrx_word' id='word_1_189' title='bbox 1172 3209 1405 3269; x_wconf 85' lang='lat' dir='ltr'>poterunt</span> <span class='ocrx_word' id='word_1_190' title='bbox 1424 3218 1513 3254; x_wconf 77' lang='lat' dir='ltr'>nos</span> 
     </span>
     <span class='ocr_line' id='line_1_33' title="bbox 498 3281 1510 3350; baseline -0.004 -13"><span class='ocrx_word' id='word_1_191' title='bbox 498 3285 563 3338; x_wconf 82' lang='lat' dir='ltr'>ad</span> <span class='ocrx_word' id='word_1_192' title='bbox 586 3301 831 3336; x_wconf 86' lang='lat' dir='ltr'>summum</span> <span class='ocrx_word' id='word_1_193' title='bbox 852 3283 1061 3336; x_wconf 68' lang='lat' dir='ltr'>fortunae</span> <span class='ocrx_word' id='word_1_194' title='bbox 1084 3281 1303 3346; x_wconf 75' lang='lat' dir='ltr'>venisse,</span> <span class='ocrx_word' id='word_1_195' title='bbox 1331 3283 1381 3334; x_wconf 89' lang='lat' dir='ltr'>id</span> <span class='ocrx_word' id='word_1_196' title='bbox 1399 3292 1510 3350; x_wconf 83' lang='lat' dir='ltr'>est,</span> 
     </span>
    </p>
   </div>
   <div class='ocr_carea' id='block_1_11' title="bbox 412 3363 1514 3421">
    <p class='ocr_par' dir='ltr' id='par_1_15' title="bbox 412 3363 1514 3421">
     <span class='ocr_line' id='line_1_34' title="bbox 412 3363 1514 3421; baseline -0.001 -2"><span class='ocrx_word' id='word_1_197' title='bbox 412 3413 417 3419; x_wconf 92' lang='lat'>.</span> <span class='ocrx_word' id='word_1_198' title='bbox 499 3369 702 3421; x_wconf 87' lang='lat' dir='ltr'>omnino</span> <span class='ocrx_word' id='word_1_199' title='bbox 718 3377 771 3420; x_wconf 87' lang='lat' dir='ltr'>et</span> <span class='ocrx_word' id='word_1_200' title='bbox 788 3369 841 3419; x_wconf 90' lang='lat' dir='ltr'>in</span> <span class='ocrx_word' id='word_1_201' title='bbox 859 3367 1089 3419; x_wconf 84' lang='lat' dir='ltr'>omnibns</span> <span class='ocrx_word' id='word_1_202' title='bbox 1106 3366 1297 3418; x_wconf 81' lang='lat' dir='ltr'>artibus</span> <span class='ocrx_word' id='word_1_203' title='bbox 1312 3363 1514 3418; x_wconf 83' lang='lat' dir='ltr'>Graeoos</span> 
     </span>
    </p>
   </div>
   <div class='ocr_carea' id='block_1_12' title="bbox 425 3447 1520 4096">
    <p class='ocr_par' dir='ltr' id='par_1_16' title="bbox 425 3447 1520 4020">
     <span class='ocr_line' id='line_1_35' title="bbox 500 3447 1513 3520; baseline -0.003 -16"><span class='ocrx_word' id='word_1_204' title='bbox 500 3467 755 3520; x_wconf 84' lang='lat' dir='ltr'>superasse</span> <span class='ocrx_word' id='word_1_205' title='bbox 770 3469 785 3516; x_wconf 68' lang='grc' dir='ltr'><strong>ς</strong></span> <span class='ocrx_word' id='word_1_206' title='bbox 806 3467 894 3502; x_wconf 85' lang='lat' dir='ltr'>nos</span> <span class='ocrx_word' id='word_1_207' title='bbox 908 3449 1107 3520; x_wconf 75' lang='lat' dir='ltr'>pingere</span> <span class='ocrx_word' id='word_1_208' title='bbox 1120 3486 1135 3512; x_wconf 88' lang='lat'>,</span> <span class='ocrx_word' id='word_1_209' title='bbox 1153 3447 1362 3516; x_wconf 80' lang='lat' dir='ltr'>psallere</span> <span class='ocrx_word' id='word_1_210' title='bbox 1376 3484 1391 3508; x_wconf 88' lang='lat'>,</span> <span class='ocrx_word' id='word_1_211' title='bbox 1413 3447 1513 3501; x_wconf 81' lang='lat' dir='ltr'>luc-</span> 
     </span>
     <span class='ocr_line' id='line_1_36' title="bbox 502 3531 1514 3595; baseline -0.003 -7"><span class='ocrx_word' id='word_1_212' title='bbox 502 3535 598 3587; x_wconf 77' lang='lat' dir='ltr'>tari</span> <span class='ocrx_word' id='word_1_213' title='bbox 630 3535 805 3587; x_wconf 85' lang='lat' dir='ltr'>melius</span> <span class='ocrx_word' id='word_1_214' title='bbox 825 3531 1047 3584; x_wconf 73' lang='lat' dir='ltr'>Achivis.</span> <span class='ocrx_word' id='word_1_215' title='bbox 1073 3531 1201 3584; x_wconf 89' lang='lat' dir='ltr'>Tres</span> <span class='ocrx_word' id='word_1_216' title='bbox 1228 3533 1317 3583; x_wconf 81' lang='lat' dir='ltr'>has</span> <span class='ocrx_word' id='word_1_217' title='bbox 1347 3533 1477 3585; x_wconf 71' lang='lat' dir='ltr'>artes</span> <span class='ocrx_word' id='word_1_218' title='bbox 1494 3571 1514 3595; x_wconf 91' lang='lat'>‚</span> 
     </span>
     <span class='ocr_line' id='line_1_37' title="bbox 425 3615 1515 3688; baseline 0 -18"><span class='ocrx_word' id='word_1_219' title='bbox 425 3648 436 3656; x_wconf 82' lang='grc'>-</span> <span class='ocrx_word' id='word_1_220' title='bbox 499 3621 740 3688; x_wconf 76' lang='lat' dir='ltr'>picturam</span> <span class='ocrx_word' id='word_1_221' title='bbox 756 3656 771 3680; x_wconf 90' lang='lat'>‚</span> <span class='ocrx_word' id='word_1_222' title='bbox 797 3618 1014 3678; x_wconf 68' lang='lat' dir='ltr'>musicen</span> <span class='ocrx_word' id='word_1_223' title='bbox 1040 3627 1091 3669; x_wconf 89' lang='lat' dir='ltr'>et</span> <span class='ocrx_word' id='word_1_224' title='bbox 1123 3615 1395 3685; x_wconf 70' lang='lat' dir='ltr'>palaestram</span> <span class='ocrx_word' id='word_1_225' title='bbox 1430 3634 1515 3686; x_wconf 86' lang='lat' dir='ltr'>po-</span> 
     </span>
     <span class='ocr_line' id='line_1_38' title="bbox 500 3699 1520 3771; baseline -0.004 -17"><span class='ocrx_word' id='word_1_226' title='bbox 500 3705 603 3756; x_wconf 83' lang='lat' dir='ltr'>suit</span> <span class='ocrx_word' id='word_1_227' title='bbox 620 3703 880 3765; x_wconf 80' lang='lat' dir='ltr'>Horatius,</span> <span class='ocrx_word' id='word_1_228' title='bbox 905 3701 959 3754; x_wconf 90' lang='lat' dir='ltr'>in</span> <span class='ocrx_word' id='word_1_229' title='bbox 978 3701 1161 3771; x_wconf 84' lang='lat' dir='ltr'>quibus</span> <span class='ocrx_word' id='word_1_230' title='bbox 1180 3702 1315 3752; x_wconf 86' lang='lat' dir='ltr'>enim</span> <span class='ocrx_word' id='word_1_231' title='bbox 1338 3699 1520 3753; x_wconf 76' lang='lat' dir='ltr'>Roma·</span> 
     </span>
     <span class='ocr_line' id='line_1_39' title="bbox 500 3783 1519 3854; baseline -0.003 -17"><span class='ocrx_word' id='word_1_232' title='bbox 500 3801 588 3838; x_wconf 86' lang='lat' dir='ltr'>nos</span> <span class='ocrx_word' id='word_1_233' title='bbox 609 3785 813 3842; x_wconf 86' lang='lat' dir='ltr'>omnino</span> <span class='ocrx_word' id='word_1_234' title='bbox 828 3783 1019 3837; x_wconf 72' lang='lat' dir='ltr'>Graecis</span> <span class='ocrx_word' id='word_1_235' title='bbox 1032 3784 1235 3838; x_wconf 78' lang='lat' dir='ltr'>cessisse</span> <span class='ocrx_word' id='word_1_236' title='bbox 1252 3822 1269 3847; x_wconf 92' lang='lat'>‚</span> <span class='ocrx_word' id='word_1_237' title='bbox 1299 3783 1411 3854; x_wconf 79' lang='lat' dir='ltr'>quis</span> <span class='ocrx_word' id='word_1_238' title='bbox 1420 3801 1519 3840; x_wconf 73' lang='lat' dir='ltr'>-ne-</span> 
     </span>
     <span class='ocr_line' id='line_1_40' title="bbox 496 3867 1512 3934; baseline 0 -16"><span class='ocrx_word' id='word_1_239' title='bbox 496 3867 609 3934; x_wconf 77' lang='lat' dir='ltr'>get?</span> <span class='ocrx_word' id='word_1_240' title='bbox 626 3869 723 3920; x_wconf 84' lang='lat' dir='ltr'>En.</span> <span class='ocrx_word' id='word_1_241' title='bbox 742 3897 812 3908; x_wconf 94' lang='lat'>·—</span> <span class='ocrx_word' id='word_1_242' title='bbox 828 3870 1023 3927; x_wconf 77' lang='lat' dir='ltr'>unctis,</span> <span class='ocrx_word' id='word_1_243' title='bbox 1054 3869 1281 3920; x_wconf 75' lang='lat' dir='ltr'>luctaturi</span> <span class='ocrx_word' id='word_1_244' title='bbox 1300 3869 1437 3920; x_wconf 84' lang='lat' dir='ltr'>enim</span> <span class='ocrx_word' id='word_1_245' title='bbox 1456 3868 1512 3920; x_wconf 86' lang='lat' dir='ltr'>in</span> 
     </span>
     <span class='ocr_line' id='line_1_41' title="bbox 498 3947 1367 4020; baseline 0.005 -22"><span class='ocrx_word' id='word_1_246' title='bbox 498 3947 723 4020; x_wconf 66' lang='lat' dir='ltr'>palestra</span> <span class='ocrx_word' id='word_1_247' title='bbox 740 3951 849 4003; x_wconf 88' lang='lat' dir='ltr'>oleo</span> <span class='ocrx_word' id='word_1_248' title='bbox 866 3953 983 4017; x_wconf 78' lang='lat' dir='ltr'>ungi</span> <span class='ocrx_word' id='word_1_249' title='bbox 1002 3953 1243 4004; x_wconf 83' lang='lat' dir='ltr'>solebant.</span> <span class='ocrx_word' id='word_1_250' title='bbox 1270 3953 1367 4003; x_wconf 85' lang='lat' dir='ltr'>Eu.</span> 
     </span>
    </p>

    <p class='ocr_par' dir='ltr' id='par_1_17' title="bbox 572 4031 1510 4096">
     <span class='ocr_line' id='line_1_42' title="bbox 572 4031 1510 4096; baseline 0.006 -14"><span class='ocrx_word' id='word_1_251' title='bbox 572 4042 658 4083; x_wconf 70' lang='grc'>54.</span> <span class='ocrx_word' id='word_1_252' title='bbox 684 4031 748 4083; x_wconf 77' lang='grc' dir='ltr'>δι’</span> <span class='ocrx_word' id='word_1_253' title='bbox 760 4035 968 4086; x_wconf 78' lang='lat' dir='ltr'>meliora</span> <span class='ocrx_word' id='word_1_254' title='bbox 984 4033 1111 4096; x_wconf 78' lang='lat' dir='ltr'>dies,</span> <span class='ocrx_word' id='word_1_255' title='bbox 1130 4047 1222 4088; x_wconf 84' lang='lat' dir='ltr'>etc.</span> <span class='ocrx_word' id='word_1_256' title='bbox 1243 4037 1300 4088; x_wconf 88' lang='lat' dir='ltr'>Si</span> <span class='ocrx_word' id='word_1_257' title='bbox 1314 4037 1510 4088; x_wconf 85' lang='lat' dir='ltr'>diutur-</span> 
     </span>
    </p>
   </div>
   <div class='ocr_carea' id='block_1_13' title="bbox 1575 1869 2608 4105">
    <p class='ocr_par' dir='ltr' id='par_1_18' title="bbox 1575 1869 2608 3842">
     <span class='ocr_line' id='line_1_43' title="bbox 1587 1869 2603 1940; baseline -0.002 -16"><span class='ocrx_word' id='word_1_258' title='bbox 1587 1872 1735 1936; x_wconf 78' lang='lat' dir='ltr'>nitas,</span> <span class='ocrx_word' id='word_1_259' title='bbox 1745 1879 1961 1924; x_wconf 78' lang='lat' dir='ltr'>vetustas</span> <span class='ocrx_word' id='word_1_260' title='bbox 1973 1871 2128 1924; x_wconf 79' lang='lat' dir='ltr'>efficit</span> <span class='ocrx_word' id='word_1_261' title='bbox 2141 1879 2362 1940; x_wconf 79' lang='lat' dir='ltr'>poemata</span> <span class='ocrx_word' id='word_1_262' title='bbox 2375 1869 2603 1937; x_wconf 73' lang='lat' dir='ltr'>melion,</span> 
     </span>
     <span class='ocr_line' id='line_1_44' title="bbox 1586 1955 2602 2024; baseline -0.001 -18"><span class='ocrx_word' id='word_1_263' title='bbox 1586 1965 1644 2006; x_wconf 88' lang='lat' dir='ltr'>nt</span> <span class='ocrx_word' id='word_1_264' title='bbox 1659 1955 1776 2008; x_wconf 75' lang='lat' dir='ltr'>vina</span> <span class='ocrx_word' id='word_1_265' title='bbox 1788 1993 1806 2018; x_wconf 85' lang='lat'>‚</span> <span class='ocrx_word' id='word_1_266' title='bbox 1825 1955 1906 2010; x_wconf 82' lang='lat' dir='ltr'>die</span> <span class='ocrx_word' id='word_1_267' title='bbox 1921 1993 1935 2018; x_wconf 85' lang='lat'>‚</span> <span class='ocrx_word' id='word_1_268' title='bbox 1966 1973 2126 2024; x_wconf 58' lang='lat' dir='ltr'>queso</span> <span class='ocrx_word' id='word_1_269' title='bbox 2141 1993 2158 2020; x_wconf 87' lang='lat'>,</span> <span class='ocrx_word' id='word_1_270' title='bbox 2173 1965 2298 2024; x_wconf 80' lang='lat' dir='ltr'>quot</span> <span class='ocrx_word' id='word_1_271' title='bbox 2315 1955 2462 2006; x_wconf 84' lang='lat' dir='ltr'>annis</span> <span class='ocrx_word' id='word_1_272' title='bbox 2477 1971 2602 2022; x_wconf 85' lang='lat' dir='ltr'>opus</span> 
     </span>
     <span class='ocr_line' id='line_1_45' title="bbox 1586 2035 2604 2106; baseline -0.003 -17"><span class='ocrx_word' id='word_1_273' title='bbox 1586 2037 1672 2103; x_wconf 88' lang='lat' dir='ltr'>sit,</span> <span class='ocrx_word' id='word_1_274' title='bbox 1685 2047 1742 2089; x_wconf 87' lang='lat' dir='ltr'>nt</span> <span class='ocrx_word' id='word_1_275' title='bbox 1753 2038 1933 2106; x_wconf 76' lang='lat' dir='ltr'>scripta</span> <span class='ocrx_word' id='word_1_276' title='bbox 1947 2038 2161 2106; x_wconf 82' lang='lat' dir='ltr'>pretinm</span> <span class='ocrx_word' id='word_1_277' title='bbox 2179 2038 2414 2090; x_wconf 73' lang='lat' dir='ltr'>habeant.</span> <span class='ocrx_word' id='word_1_278' title='bbox 2427 2035 2604 2087; x_wconf 72' lang='lat' dir='ltr'>En.—</span> 
     </span>
     <span class='ocr_line' id='line_1_46' title="bbox 1587 2119 2604 2186; baseline -0.002 -14"><span class='ocrx_word' id='word_1_279' title='bbox 1587 2146 1659 2159; x_wconf 93' lang='lat'><strong>—</strong></span> <span class='ocrx_word' id='word_1_280' title='bbox 1677 2119 1871 2174; x_wconf 59' lang='lat' dir='ltr'>chamis</span> <span class='ocrx_word' id='word_1_281' title='bbox 1883 2156 1902 2180; x_wconf 90' lang='lat'>,</span> <span class='ocrx_word' id='word_1_282' title='bbox 1935 2119 2265 2186; x_wconf 60' lang='lat' dir='ltr'>agminibus,</span> <span class='ocrx_word' id='word_1_283' title='bbox 2289 2135 2402 2186; x_wconf 73' lang='lat' dir='ltr'>qnae</span> <span class='ocrx_word' id='word_1_284' title='bbox 2419 2119 2604 2184; x_wconf 75' lang='lat' dir='ltr'>scripta</span> 
     </span>
     <span class='ocr_line' id='line_1_47' title="bbox 1588 2201 2594 2268; baseline -0.005 -13"><span class='ocrx_word' id='word_1_285' title='bbox 1588 2206 1768 2256; x_wconf 86' lang='lat' dir='ltr'>suntin</span> <span class='ocrx_word' id='word_1_286' title='bbox 1781 2204 1956 2256; x_wconf 79' lang='lat' dir='ltr'>tabulis</span> <span class='ocrx_word' id='word_1_287' title='bbox 1963 2203 2254 2267; x_wconf 71' lang='lat' dir='ltr'>chartacei83</span> <span class='ocrx_word' id='word_1_288' title='bbox 2265 2201 2317 2252; x_wconf 85' lang='lat' dir='ltr'>in</span> <span class='ocrx_word' id='word_1_289' title='bbox 2331 2201 2420 2252; x_wconf 83' lang='lat' dir='ltr'>hac</span> <span class='ocrx_word' id='word_1_290' title='bbox 2429 2201 2594 2268; x_wconf 83' lang='lat' dir='ltr'>Epist.</span> 
     </span>
     <span class='ocr_line' id='line_1_48' title="bbox 1581 2280 2599 2350; baseline -0.005 -10"><span class='ocrx_word' id='word_1_291' title='bbox 1581 2305 1629 2340; x_wconf 77' lang='lat' dir='ltr'>v.</span> <span class='ocrx_word' id='word_1_292' title='bbox 1649 2297 1741 2340; x_wconf 76' lang='lat'>16¹</span> <span class='ocrx_word' id='word_1_293' title='bbox 1755 2323 1770 2350; x_wconf 90' lang='lat'>,</span> <span class='ocrx_word' id='word_1_294' title='bbox 1787 2290 1984 2340; x_wconf 73' lang='lat' dir='ltr'>Groecoe</span> <span class='ocrx_word' id='word_1_295' title='bbox 2001 2280 2599 2346; x_wconf 72' lang='lat' dir='ltr'>chanoe,carminaGra·</span> 
     </span>
     <span class='ocr_line' id='line_1_49' title="bbox 1579 2368 2595 2438; baseline -0.005 -14"><span class='ocrx_word' id='word_1_296' title='bbox 1579 2387 1661 2436; x_wconf 67' lang='grc' dir='ltr'>ας</span> <span class='ocrx_word' id='word_1_297' title='bbox 1699 2371 1829 2438; x_wconf 82' lang='lat' dir='ltr'>apud</span> <span class='ocrx_word' id='word_1_298' title='bbox 1865 2370 2114 2426; x_wconf 68' lang='lat' dir='ltr'>Catullum</span> <span class='ocrx_word' id='word_1_299' title='bbox 2135 2407 2149 2432; x_wconf 92' lang='lat'>‚</span> <span class='ocrx_word' id='word_1_300' title='bbox 2184 2368 2416 2420; x_wconf 68' lang='lat' dir='ltr'><strong>LXVIII</strong></span> <span class='ocrx_word' id='word_1_301' title='bbox 2437 2405 2454 2432; x_wconf 86' lang='lat'>,</span> <span class='ocrx_word' id='word_1_302' title='bbox 2487 2379 2554 2422; x_wconf 72' lang='grc'>48</span> <span class='ocrx_word' id='word_1_303' title='bbox 2581 2387 2595 2419; x_wconf 89' lang='lat'><strong>:</strong></span> 
     </span>
     <span class='ocr_line' id='line_1_50' title="bbox 1583 2452 2594 2522; baseline -0.004 -15"><span class='ocrx_word' id='word_1_304' title='bbox 1583 2452 1807 2508; x_wconf 71' lang='lat' dir='ltr'>«chana</span> <span class='ocrx_word' id='word_1_305' title='bbox 1833 2471 1970 2506; x_wconf 76' lang='lat' dir='ltr'>anus</span> <span class='ocrx_word' id='word_1_306' title='bbox 1991 2453 2186 2522; x_wconf 84' lang='lat' dir='ltr'>aliquid</span> <span class='ocrx_word' id='word_1_307' title='bbox 2203 2453 2366 2522; x_wconf 84' lang='lat' dir='ltr'>loqui,</span> <span class='ocrx_word' id='word_1_308' title='bbox 2385 2472 2412 2501; x_wconf 73' lang='lat' dir='ltr'>s</span> <span class='ocrx_word' id='word_1_309' title='bbox 2456 2452 2516 2506; x_wconf 71' lang='lat' dir='ltr'>ln.</span> <span class='ocrx_word' id='word_1_310' title='bbox 2546 2469 2594 2504; x_wconf 91' lang='lat' dir='ltr'>e.</span> 
     </span>
     <span class='ocr_line' id='line_1_51' title="bbox 1578 2536 2599 2606; baseline -0.003 -15"><span class='ocrx_word' id='word_1_311' title='bbox 1578 2539 1794 2591; x_wconf 80' lang='lat' dir='ltr'>carmina</span> <span class='ocrx_word' id='word_1_312' title='bbox 1807 2576 1822 2604; x_wconf 92' lang='lat'>‚</span> <span class='ocrx_word' id='word_1_313' title='bbox 1859 2555 1968 2606; x_wconf 76' lang='lat' dir='ltr'>quae</span> <span class='ocrx_word' id='word_1_314' title='bbox 2003 2536 2194 2604; x_wconf 76' lang='lat' dir='ltr'>longam</span> <span class='ocrx_word' id='word_1_315' title='bbox 2235 2546 2430 2588; x_wconf 69' lang='lat' dir='ltr'>atatem</span> <span class='ocrx_word' id='word_1_316' title='bbox 2468 2536 2599 2588; x_wconf 85' lang='lat' dir='ltr'>tule-</span> 
     </span>
     <span class='ocr_line' id='line_1_52' title="bbox 1581 2611 2602 2688; baseline -0.002 -16"><span class='ocrx_word' id='word_1_317' title='bbox 1581 2631 1728 2684; x_wconf 87' lang='lat' dir='ltr'>runt,</span> <span class='ocrx_word' id='word_1_318' title='bbox 1772 2620 1959 2688; x_wconf 83' lang='lat' dir='ltr'>aliquid</span> <span class='ocrx_word' id='word_1_319' title='bbox 2002 2611 2204 2672; x_wconf 77' lang='lat' dir='ltr'>narrare</span> <span class='ocrx_word' id='word_1_320' title='bbox 2246 2619 2496 2671; x_wconf 74' lang='lat' dir='ltr'>dicuntur.</span> <span class='ocrx_word' id='word_1_321' title='bbox 2531 2647 2602 2659; x_wconf 92' lang='lat'>--</span> 
     </span>
     <span class='ocr_line' id='line_1_53' title="bbox 1578 2703 2602 2774; baseline 0 -18"><span class='ocrx_word' id='word_1_322' title='bbox 1578 2716 1801 2774; x_wconf 74' lang='lat' dir='ltr'>amget,</span> <span class='ocrx_word' id='word_1_323' title='bbox 1828 2705 2071 2774; x_wconf 80' lang='lat' dir='ltr'>acquirat,</span> <span class='ocrx_word' id='word_1_324' title='bbox 2088 2704 2330 2757; x_wconf 75' lang='lat' dir='ltr'>vindicet.</span> <span class='ocrx_word' id='word_1_325' title='bbox 2349 2731 2420 2742; x_wconf 92' lang='lat'>-—</span> <span class='ocrx_word' id='word_1_326' title='bbox 2433 2703 2602 2773; x_wconf 65' lang='lat' dir='ltr'>Ser-17»-</span> 
     </span>
     <span class='ocr_line' id='line_1_54' title="bbox 1579 2785 2592 2849; baseline -0.003 -11"><span class='ocrx_word' id='word_1_327' title='bbox 1579 2799 1659 2838; x_wconf 73' lang='grc' dir='ltr'>ωι·</span> <span class='ocrx_word' id='word_1_328' title='bbox 1687 2785 1876 2838; x_wconf 73' lang='grc' dir='ltr'><strong><em>αῠῆἰησ</em></strong></span> <span class='ocrx_word' id='word_1_329' title='bbox 1919 2803 2086 2838; x_wconf 67' lang='lat' dir='ltr'>amno-s</span> <span class='ocrx_word' id='word_1_330' title='bbox 2107 2816 2143 2849; x_wconf 43' lang='grc' dir='ltr'>,ω</span> <span class='ocrx_word' id='word_1_331' title='bbox 2166 2801 2288 2836; x_wconf 85' lang='lat' dir='ltr'>num</span> <span class='ocrx_word' id='word_1_332' title='bbox 2321 2785 2441 2836; x_wconf 82' lang='lat' dir='ltr'>satis</span> <span class='ocrx_word' id='word_1_333' title='bbox 2475 2794 2592 2836; x_wconf 85' lang='lat' dir='ltr'>sunt</span> 
     </span>
     <span class='ocr_line' id='line_1_55' title="bbox 1578 2867 2599 2938; baseline -0.004 -15"><span class='ocrx_word' id='word_1_334' title='bbox 1578 2879 1776 2923; x_wconf 86' lang='lat' dir='ltr'>centnm</span> <span class='ocrx_word' id='word_1_335' title='bbox 1822 2871 1940 2922; x_wconf 86' lang='lat' dir='ltr'>anni</span> <span class='ocrx_word' id='word_1_336' title='bbox 1959 2867 1996 2938; x_wconf 75' lang='lat'>,⁸</span> <span class='ocrx_word' id='word_1_337' title='bbox 2011 2880 2068 2922; x_wconf 87' lang='lat' dir='ltr'>nt</span> <span class='ocrx_word' id='word_1_338' title='bbox 2107 2870 2316 2938; x_wconf 81' lang='lat' dir='ltr'>scriptor</span> <span class='ocrx_word' id='word_1_339' title='bbox 2353 2868 2599 2938; x_wconf 75' lang='lat' dir='ltr'>perfectus</span> 
     </span>
     <span class='ocr_line' id='line_1_56' title="bbox 1581 2952 2600 3017; baseline 0 -13"><span class='ocrx_word' id='word_1_340' title='bbox 1581 2953 1809 3006; x_wconf 79' lang='lat' dir='ltr'>videatur</span> <span class='ocrx_word' id='word_1_341' title='bbox 1823 2958 1846 3004; x_wconf 66' lang='lat' dir='ltr'>P</span> <span class='ocrx_word' id='word_1_342' title='bbox 1868 2983 1941 2993; x_wconf 95' lang='lat'>—</span> <span class='ocrx_word' id='word_1_343' title='bbox 1965 2952 2189 3012; x_wconf 63' lang='lat' dir='ltr'>deonna,</span> <span class='ocrx_word' id='word_1_344' title='bbox 2237 2961 2459 3006; x_wconf 87' lang='lat' dir='ltr'>mortuus</span> <span class='ocrx_word' id='word_1_345' title='bbox 2491 2961 2600 3017; x_wconf 85' lang='lat' dir='ltr'>est;</span> 
     </span>
     <span class='ocr_line' id='line_1_57' title="bbox 1583 3035 2601 3100; baseline -0.003 -12"><span class='ocrx_word' id='word_1_346' title='bbox 1583 3038 1851 3090; x_wconf 85' lang='lat' dir='ltr'>morientes</span> <span class='ocrx_word' id='word_1_347' title='bbox 1871 3075 1887 3100; x_wconf 92' lang='lat'>,</span> <span class='ocrx_word' id='word_1_348' title='bbox 1912 3047 1970 3088; x_wconf 88' lang='lat' dir='ltr'>nt</span> <span class='ocrx_word' id='word_1_349' title='bbox 1985 3037 2182 3090; x_wconf 79' lang='lat' dir='ltr'>flaccida</span> <span class='ocrx_word' id='word_1_350' title='bbox 2205 3035 2324 3088; x_wconf 73' lang='lat' dir='ltr'>tolia</span> <span class='ocrx_word' id='word_1_351' title='bbox 2339 3035 2570 3086; x_wconf 82' lang='lat' dir='ltr'>arborum</span> <span class='ocrx_word' id='word_1_352' title='bbox 2583 3073 2601 3100; x_wconf 91' lang='lat'>,</span> 
     </span>
     <span class='ocr_line' id='line_1_58' title="bbox 1579 3117 2602 3188; baseline -0.004 -16"><span class='ocrx_word' id='word_1_353' title='bbox 1579 3118 1812 3174; x_wconf 71' lang='lat' dir='ltr'>decidere</span> <span class='ocrx_word' id='word_1_354' title='bbox 1831 3121 2068 3174; x_wconf 87' lang='lat' dir='ltr'>dicuntur</span> <span class='ocrx_word' id='word_1_355' title='bbox 2083 3158 2098 3188; x_wconf 94' lang='lat'>,</span> <span class='ocrx_word' id='word_1_356' title='bbox 2121 3120 2195 3187; x_wconf 74' lang='lat' dir='ltr'>vel</span> <span class='ocrx_word' id='word_1_357' title='bbox 2217 3117 2512 3186; x_wconf 80' lang='lat' dir='ltr'>simpliciter</span> <span class='ocrx_word' id='word_1_358' title='bbox 2537 3117 2602 3168; x_wconf 80' lang='lat' dir='ltr'>ad</span> 
     </span>
     <span class='ocr_line' id='line_1_59' title="bbox 1581 3198 2595 3274; baseline -0.004 -17"><span class='ocrx_word' id='word_1_359' title='bbox 1581 3203 1774 3266; x_wconf 63' lang='lat' dir='ltr'>decidit</span> <span class='ocrx_word' id='word_1_360' title='bbox 1792 3204 1998 3274; x_wconf 81' lang='lat' dir='ltr'>supple:</span> <span class='ocrx_word' id='word_1_361' title='bbox 2031 3202 2091 3255; x_wconf 84' lang='lat' dir='ltr'>ad</span> <span class='ocrx_word' id='word_1_362' title='bbox 2109 3201 2309 3254; x_wconf 69' lang='lat' dir='ltr'>orum.</span> <span class='ocrx_word' id='word_1_363' title='bbox 2333 3198 2595 3268; x_wconf 58' lang='lat' dir='ltr'>sapum.</span> 
     </span>
     <span class='ocr_line' id='line_1_60' title="bbox 1585 3282 2599 3354; baseline -0.002 -16"><span class='ocrx_word' id='word_1_364' title='bbox 1585 3287 1794 3354; x_wconf 77' lang='lat' dir='ltr'>IV,.·1,</span> <span class='ocrx_word' id='word_1_365' title='bbox 1829 3299 1926 3340; x_wconf 76' lang='lat' dir='ltr'>u:</span> <span class='ocrx_word' id='word_1_366' title='bbox 1967 3285 2140 3347; x_wconf 68' lang='lat' dir='ltr'>«Nos,</span> <span class='ocrx_word' id='word_1_367' title='bbox 2172 3285 2259 3336; x_wconf 80' lang='lat' dir='ltr'>ubi</span> <span class='ocrx_word' id='word_1_368' title='bbox 2287 3282 2599 3347; x_wconf 73' lang='lat' dir='ltr'>decidimus,</span> 
     </span>
     <span class='ocr_line' id='line_1_61' title="bbox 1582 3364 2608 3441; baseline -0.005 -16"><span class='ocrx_word' id='word_1_369' title='bbox 1582 3372 1696 3438; x_wconf 88' lang='lat' dir='ltr'>Quo</span> <span class='ocrx_word' id='word_1_370' title='bbox 1727 3370 1840 3441; x_wconf 82' lang='lat' dir='ltr'>pins</span> <span class='ocrx_word' id='word_1_371' title='bbox 1870 3372 2077 3434; x_wconf 79' lang='lat' dir='ltr'>AEneas,</span> <span class='ocrx_word' id='word_1_372' title='bbox 2106 3377 2200 3420; x_wconf 75' lang='lat' dir='ltr'>ete.</span> <span class='ocrx_word' id='word_1_373' title='bbox 2222 3387 2250 3415; x_wconf 66' lang='lat' dir='ltr'>n</span> <span class='ocrx_word' id='word_1_374' title='bbox 2270 3364 2608 3420; x_wconf 71' lang='lat' dir='ltr'>—excludac</span> 
     </span>
     <span class='ocr_line' id='line_1_62' title="bbox 1575 3450 2604 3527; baseline -0.002 -21"><span class='ocrx_word' id='word_1_375' title='bbox 1575 3451 1950 3527; x_wconf 51' lang='lat' dir='ltr'>jurgia-finis,</span> <span class='ocrx_word' id='word_1_376' title='bbox 1976 3451 2206 3503; x_wconf 77' lang='lat' dir='ltr'>definitus</span> <span class='ocrx_word' id='word_1_377' title='bbox 2227 3450 2334 3502; x_wconf 79' lang='lat' dir='ltr'>sive</span> <span class='ocrx_word' id='word_1_378' title='bbox 2355 3451 2604 3518; x_wconf 73' lang='lat' dir='ltr'>praestitu-</span> 
     </span>
     <span class='ocr_line' id='line_1_63' title="bbox 1588 3535 2604 3606; baseline -0.002 -16"><span class='ocrx_word' id='word_1_379' title='bbox 1588 3549 1666 3590; x_wconf 86' lang='lat' dir='ltr'>tus</span> <span class='ocrx_word' id='word_1_380' title='bbox 1697 3554 1960 3600; x_wconf 84' lang='lat' dir='ltr'>annornm,</span> <span class='ocrx_word' id='word_1_381' title='bbox 1993 3535 2178 3606; x_wconf 84' lang='lat' dir='ltr'>quibus</span> <span class='ocrx_word' id='word_1_382' title='bbox 2199 3544 2418 3586; x_wconf 78' lang='lat' dir='ltr'>vetustas</span> <span class='ocrx_word' id='word_1_383' title='bbox 2445 3535 2604 3588; x_wconf 81' lang='lat' dir='ltr'>effici-</span> 
     </span>
     <span class='ocr_line' id='line_1_64' title="bbox 1589 3616 2603 3688; baseline -0.002 -16"><span class='ocrx_word' id='word_1_384' title='bbox 1589 3630 1670 3672; x_wconf 84' lang='lat' dir='ltr'>tur</span> <span class='ocrx_word' id='word_1_385' title='bbox 1681 3659 1698 3688; x_wconf 93' lang='lat'>‚</span> <span class='ocrx_word' id='word_1_386' title='bbox 1727 3635 1962 3672; x_wconf 85' lang='lat' dir='ltr'>numerus</span> <span class='ocrx_word' id='word_1_387' title='bbox 1983 3616 2124 3670; x_wconf 82' lang='lat' dir='ltr'>tollat</span> <span class='ocrx_word' id='word_1_388' title='bbox 2143 3627 2199 3668; x_wconf 92' lang='lat' dir='ltr'>et</span> <span class='ocrx_word' id='word_1_389' title='bbox 2222 3627 2472 3670; x_wconf 77' lang='lat' dir='ltr'>removeat</span> <span class='ocrx_word' id='word_1_390' title='bbox 2493 3633 2603 3670; x_wconf 76' lang='lat' dir='ltr'>ous-</span> 
     </span>
     <span class='ocr_line' id='line_1_65' title="bbox 1589 3701 2598 3770; baseline -0.001 -15"><span class='ocrx_word' id='word_1_391' title='bbox 1589 3721 1702 3756; x_wconf 84' lang='lat' dir='ltr'>nem</span> <span class='ocrx_word' id='word_1_392' title='bbox 1719 3704 1784 3755; x_wconf 85' lang='lat' dir='ltr'>de</span> <span class='ocrx_word' id='word_1_393' title='bbox 1805 3705 1897 3755; x_wconf 81' lang='lat' dir='ltr'>hae</span> <span class='ocrx_word' id='word_1_394' title='bbox 1917 3718 1972 3756; x_wconf 87' lang='lat' dir='ltr'>re</span> <span class='ocrx_word' id='word_1_395' title='bbox 1989 3701 2128 3754; x_wconf 84' lang='lat' dir='ltr'>litem</span> <span class='ocrx_word' id='word_1_396' title='bbox 2151 3712 2300 3770; x_wconf 82' lang='lat' dir='ltr'>atque</span> <span class='ocrx_word' id='word_1_397' title='bbox 2317 3711 2598 3754; x_wconf 64' lang='lat' dir='ltr'>mnumer-</span> 
     </span>
     <span class='ocr_line' id='line_1_66' title="bbox 1589 3805 1734 3842; baseline -0.014 -2"><span class='ocrx_word' id='word_1_398' title='bbox 1589 3805 1734 3842; x_wconf 73' lang='lat' dir='ltr'>snam.</span> 
     </span>
    </p>

    <p class='ocr_par' dir='ltr' id='par_1_19' title="bbox 1581 3865 2604 4105">
     <span class='ocr_line' id='line_1_67' title="bbox 1655 3865 2602 3934; baseline -0.006 -10"><span class='ocrx_word' id='word_1_399' title='bbox 1655 3883 1742 3924; x_wconf 72' lang='lat'>39.</span> <span class='ocrx_word' id='word_1_400' title='bbox 1777 3869 1874 3923; x_wconf 73' lang='lat' dir='ltr'>Est</span> <span class='ocrx_word' id='word_1_401' title='bbox 1894 3883 2078 3930; x_wconf 64' lang='lat' dir='ltr'>vetut,</span> <span class='ocrx_word' id='word_1_402' title='bbox 2105 3879 2198 3922; x_wconf 84' lang='lat' dir='ltr'>etc.</span> <span class='ocrx_word' id='word_1_403' title='bbox 2227 3865 2498 3934; x_wconf 80' lang='lat' dir='ltr'>Responsio</span> <span class='ocrx_word' id='word_1_404' title='bbox 2523 3875 2602 3921; x_wconf 81' lang='lat' dir='ltr'>est</span> 
     </span>
     <span class='ocr_line' id='line_1_68' title="bbox 1582 3951 2600 4024; baseline -0.007 -17"><span class='ocrx_word' id='word_1_405' title='bbox 1582 3955 1787 4022; x_wconf 79' lang='lat' dir='ltr'>alicujus</span> <span class='ocrx_word' id='word_1_406' title='bbox 1807 3955 1968 4008; x_wconf 84' lang='lat' dir='ltr'>critici</span> <span class='ocrx_word' id='word_1_407' title='bbox 1993 3971 2141 4024; x_wconf 82' lang='lat' dir='ltr'>quem</span> <span class='ocrx_word' id='word_1_408' title='bbox 2173 3953 2472 4018; x_wconf 74' lang='lat' dir='ltr'>interrogare</span> <span class='ocrx_word' id='word_1_409' title='bbox 2493 3951 2600 4002; x_wconf 80' lang='lat' dir='ltr'>fin-</span> 
     </span>
     <span class='ocr_line' id='line_1_69' title="bbox 1581 4033 2604 4105; baseline -0.001 -18"><span class='ocrx_word' id='word_1_410' title='bbox 1581 4035 1713 4102; x_wconf 77' lang='lat' dir='ltr'>gitur</span> <span class='ocrx_word' id='word_1_411' title='bbox 1737 4036 1992 4090; x_wconf 80' lang='lat' dir='ltr'>Horatius.</span> <span class='ocrx_word' id='word_1_412' title='bbox 2013 4036 2108 4088; x_wconf 85' lang='lat' dir='ltr'>En.</span> <span class='ocrx_word' id='word_1_413' title='bbox 2128 4034 2412 4105; x_wconf 73' lang='lat' dir='ltr'>-probus‚</span> <span class='ocrx_word' id='word_1_414' title='bbox 2437 4033 2568 4086; x_wconf 86' lang='lat' dir='ltr'>idem</span> <span class='ocrx_word' id='word_1_415' title='bbox 2587 4071 2604 4102; x_wconf 85' lang='lat'>,</span> 
     </span>
    </p>
   </div>
  </div>
 </body>
</html>
