3000 4684
1060 465 1247 534 LIB.
1295 467 1413 552 11,
1462 465 1655 534 sAT.
1707 465 1848 532 111.

2363 485 2484 559 ¹7¹

414 605 709 676 Extimui
726 657 745 694 ,
776 627 861 674 ne
896 629 1011 674 vos
1040 619 1271 699 ageret
1304 605 1570 674 vesania
1603 602 1892 692 (ἥπατος

415 726 519 792 Tu
548 723 1043 793 Nomentanum
1062 774 1081 812 ‚
1115 736 1189 790 tu
1220 745 1311 792 ne
1338 743 1693 814 sequerere
1723 721 2048 790 Cicutam.

2385 715 2496 790 17⁴5

416 841 641 930 Quare
674 863 800 934 per
828 838 1017 910 divos
1048 854 1279 909 oratus
1306 854 1584 934 uterque
1617 851 1930 934 petuma,

416 963 516 1028 Tu
548 982 741 1046 cave,
774 983 861 1030 ae
888 958 1188 1046 minuas3
1219 973 1326 1046 tu,-
1348 983 1443 1028 ne
1472 959 1688 1053 majus
1717 957 1926 1028 facias
1953 952 2066 1043 sd,

418 1075 621 1165 Quod
651 1077 809 1146 satis
844 1101 985 1146 esse
1015 1090 1207 1170 putat
1236 1092 1454 1170 pater,
1490 1093 1560 1146 et
1591 1091 1837 1146 natura
1871 1086 2158 1144 coercet.

421 1193 779 1280 Praeterea,
818 1217 908 1262 ne
940 1217 1055 1264 vos
1090 1191 1318 1263 titillet
1354 1191 1600 1286 gloria,
1633 1195 1822 1287 jure-

420 1309 715 1379 Jurando
749 1311 1163 1407 obstringam
1198 1311 1437 1380 ambo:
1472 1327 1622 1380 uter
1652 1309 1892 1398 sedilis,
1927 1309 2210 1379 fueritve

2390 1308 2502 1366 180

423 1428 741 1498 Vestrum
774 1445 1049 1524 praetor,
1084 1431 1139 1500 is
1173 1427 1571 1500 intestabilis
1604 1443 1672 1498 et
1703 1435 1888 1498 sacer
1920 1443 2081 1498 esto.

422 1549 501 1618 In
533 1549 749 1621 cicere
781 1564 979 1644 atque
1008 1549 1165 1624 faba
1194 1551 1379 1620 bona
1410 1563 1483 1620 tu
1517 1546 1888 1642 perdasque
1917 1547 2202 1644 lupinis?

423 1653 635 1735 Latus,¹
661 1682 737 1735 ut
770 1669 841 1734 in
878 1667 1059 1736 circo
1094 1671 1414 1762 spatiere,
1452 1681 1520 1736 et
1553 1665 1844 1735 aheneus
1879 1681 1952 1737 ut
1983 1682 2150 1756 steS,

428 1855 521 1897 88.
536 1873 607 1885 —-
624 1843 846 1896 vesania
878 1843 1071 1897 discor-s
1086 1882 1101 1903 ,
1132 1847 1279 1898 aliter
1306 1847 1439 1898 enim

428 1929 619 1980 insanit
631 1927 901 2000 prodigus,
932 1929 1079 1981 aliter
1100 1945 1305 1982 avarus.

507 2025 529 2064 1
542 2021 627 2063 ¹13.
652 2014 1045 2072 Nomentanum,
1066 2031 1270 2081 vappam
1288 2025 1339 2068 et
1358 2031 1439 2068 ne-

428 2098 681 2150 bulonem.
704 2097 806 2149 Sat.
838 2097 879 2160 1,
906 2111 954 2164 s,
981 2108 1078 2150 102
1110 2107 1160 2150 et
1190 2109 1309 2162 104,
1348 2115 1441 2152 ne-

426 2193 588 2251 potem
622 2183 727 2234 Sat.
755 2183 841 2247 11,
874 2193 1041 2245 ηις.
1070 2211 1141 2220 -
1170 2168 1432 2244 σῑεαὲωη,

426 2285 475 2320 v.
510 2279 608 2332 69,
642 2276 693 2319 et
716 2267 821 2318 Sat.
863 2267 948 2332 11,
989 2277 1051 2330 o,
1092 2275 1237 2316 6.-
1260 2269 1437 2340 majus

416 2349 625 2419 fictis-s,
662 2351 855 2402 auctius
891 2349 1051 2402 facere
1086 2360 1138 2402 et
1167 2349 1435 2418 amplifica-

432 2451 487 2486 re
514 2435 724 2488 studeas.
741 2463 809 2472 —
834 2445 885 2484 et
914 2443 1106 2483 natur-a
1138 2445 1357 2491 coercet,
1388 2442 1437 2485 et

434 2527 621 2568 naturae
661 2519 851 2584 legibus
873 2557 890 2584 ,
931 2515 1191 2568 immodica
1232 2533 1439 2586 quaeque

435 2603 699 2652 coercentis
738 2613 789 2652 et
828 2601 1100 2653 cohibentis
1119 2638 1134 2662 ‚
1177 2609 1437 2653 consenta-

439 2699 587 2734 neum
612 2693 703 2734 est.

513 2777 634 2819 ¹⁷0.
674 2765 1037 2837 Jurejumndo
1056 2765 1301 2837 obstring.
1333 2785 1440 2819 am-

438 2851 533 2910 bo,
574 2849 705 2902 nibil
746 2851 989 2918 potentius
1030 2853 1340 2904 sacramentis
1384 2869 1444 2904 eo

438 2933 584 2986 modo
614 2932 866 3002 praestitis.
908 2931 1002 2984 En.
1026 2963 1096 2973 ·--
1119 2934 1441 2994 intestabilis,

440 3018 711 3085 interprete
727 3015 1115 3070 Unterbolznero
1137 3020 1266 3088 apud
1288 3017 1449 3071 Hein-

438 3103 665 3170 dorflum,
678 3103 877 3168 dicitur,
894 3105 981 3172 qui
1004 3121 1162 3172 neque
1178 3113 1449 3157 testamen-

440 3195 543 3238 tum
580 3185 772 3252 facere,
811 3201 972 3254 neque
1015 3202 1076 3238 ex
1118 3186 1246 3238 facto
1284 3185 1451 3254 aliquo

438 3280 731 3323 testamento
750 3271 879 3322 bona
908 3271 1126 3338 accipere
1142 3308 1157 3336 ‚
1180 3287 1340 3338 neque
1369 3270 1451 3321 fa-

442 3355 613 3407 ciendo
636 3364 927 3407 testamento
950 3355 1090 3406 testis
1116 3355 1283 3406 adesse
1310 3363 1453 3422 pote-

445 3445 555 3502 rat3
590 3437 688 3489 fuit
718 3439 874 3504 igitur
898 3439 1045 3491 bomo
1076 3440 1298 3490 omnium
1334 3454 1453 3490 eon-

442 3521 651 3589 temptui
664 3523 926 3589 expositus,
935 3521 1084 3577 homo
1093 3521 1310 3574 nefarius
1320 3532 1371 3574 et
1379 3521 1457 3574 de·

446 3604 689 3656 toetabilis
704 3623 718 3670 3
734 3605 854 3657 hinc
875 3605 1005 3675 apud
1022 3605 1253 3658 Tacitum
1268 3605 1452 3658 Annal.

442 3689 569 3757 XV,
596 3699 663 3743 85
684 3727 699 3754 ,
728 3689 1023 3743 aitte-stabilis
1053 3701 1105 3746 et
1135 3691 1458 3744 con-scelern-

444 3785 547 3834 ωε,
572 3781 625 3825 et
644 3769 837 3825 Hister.
865 3771 961 3840 w,
992 3785 1055 3827 ss
1079 3813 1094 3838 ,
1132 3773 1467 3826 inte-‹tabath›-

444 3863 497 3907 οἱ
518 3855 705 3908 soevt'or
719 3855 1016 3924 junguntur.
1034 3887 1102 3898 ——-
1126 3873 1291 3917 sacer,
1316 3875 1461 3910 exse-

444 3941 664 4012 enbitis,
686 3943 765 3992 eui
789 3941 925 3994 diras
950 3943 1295 4010 imprecamur.

521 4035 641 4076 182.
701 4025 765 4075 1η
803 4027 1001 4084 ethere,
1038 4037 1131 4078 etc.
1176 4025 1287 4076 Jam
1322 4035 1463 4094 pater

450 4105 661 4172 primum
699 4107 969 4176 alloquitur
998 4107 1189 4162 Aulum
1236 4107 1288 4158 in
1330 4107 1462 4163 bunc

452 4189 559 4248 lere
573 4207 770 4245 sensum
786 4209 799 4242 z
816 4189 1000 4244 Nonne
1020 4203 1072 4245 tu
1094 4191 1297 4257 insanis,
1314 4189 1460 4258 Aule,

1508 1846 1638 1916 quod
1683 1845 1744 1898 ad
1781 1845 1952 1914 populi
1991 1845 2195 1912 gratiam
2231 1842 2514 1912 captandam

1511 1932 1640 1982 bona
1665 1937 1748 1980 tua
1769 1929 1936 1996 perdis
1953 1925 2293 1994 largitionibus
2311 1963 2326 1988 ,
2352 1933 2408 1976 ut
2429 1939 2516 1990 su-

1510 2015 1664 2084 perbe
1693 2015 1742 2065 in
1767 2011 1912 2065 Circo
1937 2013 2162 2064 incedens
2185 2011 2354 2076 digitis
2373 2025 2400 2060 a
2424 2027 2515 2077 po-

1510 2098 1628 2167 pulo
1643 2099 1947 2158 monstreris,
1967 2097 2042 2148 vel
2064 2106 2118 2147 ut
2135 2097 2186 2148 in
2203 2094 2520 2147 liberalitatis

1508 2195 1604 2235 tuoe
1627 2183 1910 2236 memoriam
1935 2192 2091 2234 statua
2110 2179 2382 2248 collocetur,
2397 2181 2514 2231 dum

1507 2270 1598 2322 hac
1620 2269 1833 2323 vanitate
1854 2267 2054 2320 nudaris
2081 2269 2216 2321 omni
2243 2277 2330 2320 tuo
2355 2267 2516 2336 patri-
2567 2283 2576 2290 ·

1507 2353 1672 2406 monio
1683 2351 1710 2402 Ρ
1723 2361 1824 2402 tum
1839 2369 1890 2403 se
1903 2353 2141 2404 convertit
2152 2351 2213 2402 ad
2227 2347 2491 2402 Tiberium
2505 2365 2519 2399 :
2572 2397 2578 2402 .

1507 2433 1690 2488 Nonne
1720 2447 1774 2490 tu
1802 2453 1994 2506 quoque
2013 2475 2028 2498 ‚
2049 2436 2232 2488 Tiberi
2253 2474 2269 2498 ‚
2296 2435 2480 2486 insanis
2505 2471 2520 2500 ‚

1507 2519 1668 2588 quod,
1715 2530 1771 2572 ut
1812 2521 1906 2572 tibi
1953 2521 2140 2588 pariter
2175 2529 2326 2590 atque
2363 2515 2522 2570 AEdili

1510 2599 1739 2672 Agrippoe
1781 2605 2106 2672 applaudatur
2123 2642 2138 2668 ,
2177 2602 2323 2655 sicuti
2362 2611 2524 2654 astuta

1509 2688 1678 2756 vulpes
1696 2725 1709 2748 ‚
1727 2704 1837 2756 quae
1856 2688 2116 2754 ingenuum
2136 2687 2328 2739 leonem
2355 2687 2526 2738 imita-

1515 2781 1614 2835 tur,
1633 2781 1910 2837 oongestam
1929 2772 2186 2838 pecuniam
2213 2771 2266 2822 in
2293 2787 2350 2822 ea
2368 2808 2382 2830 ‚
2407 2770 2527 2838 qui-

1515 2856 1608 2907 bus
1647 2853 1853 2923 populus
1889 2853 2174 2912 delectatur,
2201 2853 2529 2922 impendendo

1518 2937 1728 3007 pusillus
1757 2936 1905 2986 homo
1927 2948 2155 2997 maguum
2181 2940 2231 2983 et
2251 2935 2526 2997 generosio-

1523 3023 1592 3072 ris
1615 3017 1769 3071 animi
1801 3015 2066 3084 Agrippam
2101 3013 2348 3068 imitaris?
2367 3043 2438 3052 —-
2464 3015 2532 3073 Ῑῃ

1519 3101 1892 3173 cz'cere,fi1ba,
1918 3100 2142 3170 lupinis,
2179 3097 2342 3152 Schol.
2372 3097 2525 3168 Cruq.

1525 3209 1552 3237 α
1566 3186 1798 3256 Antiquis
1823 3186 2146 3256 temporibus,
2167 3185 2255 3236 ubi
2276 3185 2532 3254 pauperio-

1525 3289 1603 3323 res
1634 3281 1774 3323 erant
1809 3269 2052 3333 Romani,
2089 3271 2194 3322 hoec
2217 3269 2465 3322 dabantur
2487 3278 2538 3320 et

1524 3353 1876 3422 spargebantur
1907 3355 1960 3405 in
1999 3353 2167 3422 vulgus
2203 3353 2266 3406 ab
2301 3351 2416 3420 his,
2449 3354 2538 3433 qui

1525 3438 1665 3492 ludos
1689 3439 1909 3490 Florales
1935 3437 2268 3502 exhibebant,
2299 3436 2361 3490 ad
2389 3435 2536 3504 plau-

1527 3541 1634 3576 sum
1657 3533 1708 3576 et
1739 3524 1950 3576 favorem
1976 3523 2144 3593 populi
2169 3521 2479 3590 captandum.
2507 3540 2538 3568 w

1528 3607 1704 3661 Posuit
1748 3607 2025 3675 largitionis
2068 3607 2312 3677 quoddam
2352 3621 2502 3672 genus
2524 3644 2538 3668 ‚

1527 3691 1751 3762 quamvis
1768 3693 2042 3760 antiquius,
2053 3709 2144 3764 pm
2161 3690 2391 3744 omuibus
2409 3689 2538 3742 aliis.

1531 3803 1601 3814 -—
1613 3773 1772 3826 Latus
1792 3785 1850 3824 ut
1869 3775 1922 3824 in
1939 3772 2076 3825 cfr-eo
2094 3774 2325 3844 ⁴spatiere,
2349 3789 2438 3842 per
2459 3771 2537 3824 la—

1531 3870 1616 3908 tus
1651 3856 1816 3926 lepide
1834 3857 2056 3909 hominis
2075 3857 2275 3930 superbi
2304 3868 2352 3910 et
2378 3858 2540 3910 simu-

1532 3941 1680 3992 latam
1703 3940 1994 4007 dignitatem
2026 3957 2126 4010 prae
2154 3957 2205 3992 se
2231 3941 2436 3994 ferentis
2459 3941 2546 3990 in-

1531 4041 1693 4077 cessus
1728 4024 2044 4077 describitur.
2084 4025 2164 4077 Sic
2201 4043 2347 4096 supra
2375 4024 2536 4093 Epod.

1533 4107 1632 4174 IV,
1668 4119 1698 4160 a
1720 4126 1733 4157 z
1759 4128 1786 4158 κ
1807 4109 2044 4178 superbus
2069 4111 2269 4180 quidam
2291 4107 2543 4161 ambulare

1535 4203 1584 4246 et
1612 4195 1740 4246 viam
1772 4193 1962 4258 Sacram
1989 4212 2101 4264 cum
2125 4195 2204 4245 bis
2223 4195 2374 4244 uiam
2403 4190 2546 4242 ulna-
