3000 4684
574 434 707 511 552
1342 440 1868 508 EXCURSUS

566 577 804 635 simonia
835 577 895 632 in
922 576 1109 633 fundo
1138 584 1235 633 est.
1254 600 1279 627 ιι
1299 576 1548 645 Quinam
1565 576 1658 631 hic
1677 574 1968 645 maiores?
1987 594 2062 631 an
2087 577 2303 635 dictum
2331 578 2446 635 hoc
2469 590 2656 647 vetus,

564 696 633 734 ex
662 676 911 733 Hesiodo
940 676 1206 744 ductum,
1233 676 1308 733 ad
1334 674 1487 732 solos
1513 677 1809 731 Romanos
1833 676 2143 733 attinebat?
2173 696 2402 748 verum,
2429 690 2550 736 esto
2583 692 2654 736 ut

564 775 636 832 ad
677 790 773 831 eos
810 774 999 829 solos:
1030 775 1268 841 Seneca,
1316 782 1380 828 ut
1424 782 1630 829 notum
1677 784 1784 843 est,
1817 774 2069 848 equestri
2107 792 2316 851 genere
2341 788 2424 833 est
2453 787 2652 845 ortus,

560 872 867 944 Cordubae,
893 873 1133 930 coloniae
1158 874 1366 930 veteris
1386 874 1677 945 Romanae,
1707 872 1786 929 ob
1809 874 2137 949 primorum
2161 876 2510 933 colonorum
2535 894 2650 932 no·-

559 970 833 1028 bilitatem
878 971 1133 1029 Patriciae
1178 970 1623 1047 cognominatae,
1669 984 1736 1028 ut
1782 970 1928 1027 nihil
1965 972 2176 1043 obstet,
2225 973 2368 1048 quin
2413 977 2650 1031 Senecae

556 1069 803 1143 majores
822 1068 914 1125 vel
940 1086 974 1123 a
1000 1067 1251 1143 Regibus
1274 1086 1455 1143 usqne
1480 1069 1730 1125 Romani
1757 1067 1988 1125 suerint.
2025 1070 2194 1127 Hunc
2219 1081 2278 1127 tu
2307 1069 2368 1126 in
2387 1070 2648 1127 Familiae

555 1166 867 1241 quaestione
884 1164 1095 1220 Nostro
1116 1182 1448 1240 comparas,
1482 1165 1615 1239 qui,
1654 1166 1830 1221 nullis
1855 1165 2171 1237 majoribus
2199 1179 2384 1237 ortus,
2422 1168 2647 1243 primus

554 1282 794 1323 suorum
820 1265 1103 1339 ingenuus
1122 1263 1284 1321 erat?
1304 1264 1490 1320 Immo
1513 1273 1579 1319 ut
1605 1262 1742 1320 scias
1761 1281 1881 1336 quo
1902 1263 2206 1320 hominum
2225 1265 2362 1335 risu,
2391 1282 2513 1340 quo
2533 1283 2644 1321 suo

550 1374 785 1437 stupore
818 1362 1017 1418 Nostri
1033 1360 1247 1438 proavi
1273 1360 1530 1417 dicturus
1562 1360 1659 1415 hic
1687 1371 1828 1417 esset
1853 1362 2114 1432 Flaccus3
2140 1361 2269 1418 vide
2301 1361 2480 1419 modo
2508 1363 2640 1419 Vo-

550 1458 691 1535 pisci
714 1459 906 1515 locum
933 1459 993 1513 in
1014 1453 1205 1527 Caro,
1232 1476 1355 1533 cap.
1395 1463 1426 1523 4
1444 1498 1461 1526 ,
1490 1457 1592 1514 uhi
1618 1468 1822 1514 contra
1854 1476 1950 1515 eos
1971 1460 2072 1533 qui
2101 1459 2318 1515 Carum
2349 1459 2646 1515 Mediola-

550 1574 785 1613 nensem
831 1554 997 1613 fuisse
1043 1554 1430 1611 tradiderant:
1476 1584 1500 1606 u
1525 1555 1656 1631 Ipse
1674 1595 1691 1623 ,
1721 1555 1936 1631 inquit,
1964 1567 2029 1613 ut
2053 1556 2290 1631 epistola
2323 1556 2446 1630 ejus
2475 1556 2639 1612 indi-

552 1666 641 1712 cat
654 1696 671 1726 ,
688 1654 994 1714 'Romanus
1016 1654 1140 1711 vult
1167 1651 1373 1709 videri.
1392 1678 1417 1704 υ
1437 1652 1630 1709 Verba
1647 1652 1913 1729 Epistolae
1940 1666 2104 1710 sunt:
2129 1678 2154 1704 «ι
2173 1652 2426 1731 Maiores
2459 1656 2650 1710 nostri

550 1752 798 1811 Romani
840 1752 921 1810 illi
961 1751 1275 1826 principes,
1308 1761 1412 1807 etc.
1444 1774 1467 1797 »v
1496 1751 1570 1805 Et
1599 1768 1768 1807 mox:
1801 1772 1826 1801 α
1845 1751 1960 1807 Fac
1990 1750 2165 1825 igitur
2189 1750 2503 1825 majoribus
2530 1769 2640 1807 no-

547 1852 713 1920 stris,
746 1850 807 1906 id
838 1860 920 1906 est
949 1848 1222 1904 Romanis
1252 1866 1374 1904 non
1414 1847 1802 1923 discrepemus
1829 1847 2001 1904 viris:
2023 1872 2047 1898 κ
2075 1847 2150 1905 ad
2181 1867 2308 1923 quae
2325 1848 2640 1925 Vopiscus:

548 1972 573 1998 α
590 1946 791 2016 Vides,
821 1946 923 2015 ait,
955 1944 1115 2019 quod
1142 1954 1259 2000 tota
1291 1944 1529 2020 epistola
1548 1944 1795 2017 majores
1819 1962 1953 2001 snos
1979 1946 2274 2002 Romanos
2303 1946 2428 2002 vult
2462 1929 2641 2002 intel-

544 2044 662 2121 ligi.
682 2068 709 2095 »
734 2048 887 2111 Hoc,
918 2042 1149 2118 opinor,
1182 2043 1475 2117 exemplo,
1508 2042 1556 2097 si
1581 2053 1813 2097 nostros
1834 2060 2087 2116 proavos
2106 2044 2338 2100 Flaccus
2357 2044 2642 2119 appellas-

543 2153 657 2207 set,
684 2142 785 2217 qui
811 2142 949 2198 olim
977 2140 1037 2195 in
1063 2158 1229 2197 scena
1255 2138 1541 2195 Plautinas
1569 2138 1790 2196 fabulas
1815 2138 2077 2196 admirati
2102 2150 2256 2209 sunt,
2281 2142 2479 2215 utique
2508 2160 2641 2197 ma—

528 2240 695 2310 jores
721 2256 857 2296 suos
880 2238 1177 2294 Romanos
1195 2235 1465 2293 voluisset
1483 2234 1742 2311 intelligi.
1759 2236 1874 2295 Sed
1891 2246 2067 2293 totam
2093 2236 2238 2293 hanc
2261 2237 2643 2310 quatientem

545 2349 610 2394 ut
634 2336 892 2393 inutilem
932 2336 1199 2393 rescindit
1230 2322 1525 2393 Dacierius
1550 2358 1565 2392 ε
1593 2336 1868 2393 nimirum
1903 2336 2098 2393 Nostri
2123 2336 2424 2411 legendum
2473 2354 2640 2407 esse;

542 2453 665 2489 non
698 2445 885 2489 tamen
912 2432 1137 2489 Horatii
1164 2433 1313 2503 haec,
1359 2432 1457 2489 sed
1489 2434 1766 2491 Pisonum
1793 2450 1904 2489 ense
1929 2432 2133 2501 verba,
2165 2432 2268 2507 qui
2297 2433 2504 2508 priora
2531 2434 2636 2491 ina

542 2532 615 2588 de
647 2530 1067 2605 exemplaribus
1094 2530 1305 2587 Graecis
1334 2530 1666 2587 evolvendis
1695 2530 2060 2607 impugnant:
2083 2529 2294 2604 quibus
2321 2529 2418 2587 ille
2439 2530 2634 2588 eonti-

541 2649 665 2688 nuo
685 2629 1011 2706 respondet,
1033 2631 1288 2691 Nimium
1298 2632 1595 2706 patienter
1607 2644 1924 2706 atr-umque,
1946 2642 2050 2687 etc.
2060 2631 2248 2705 Atque
2265 2631 2380 2687 hoc
2401 2630 2634 2688 demum

542 2732 637 2788 ille
674 2742 843 2809 pacto
872 2732 1075 2787 miram
1105 2730 1411 2805 quamdam
1440 2731 1578 2787 hnic
1611 2730 1744 2788 loco
1776 2731 2060 2787 Venerem
2101 2749 2419 2788 accrescere
2449 2742 2630 2807 putat.

540 2830 721 2887 Suum
747 2828 957 2886 scilicet
983 2828 1189 2903 cuique
1220 2840 1303 2885 est
1321 2828 1620 2902 judicium.
1650 2829 1799 2885 Nam
1831 2828 1994 2903 quod
2017 2829 2156 2885 huic
2187 2838 2304 2884 tam
2330 2842 2632 2887 venustum

540 2940 650 2997 est,
681 2947 713 2982 a
742 2926 970 2983 Grifolo
994 2927 1132 2983 olim
1156 2926 1540 3003 excogitatum
1560 2966 1576 2997 ,
1605 2926 1868 2983 victorio
1893 2926 2290 2984 duriusculum
2321 2928 2504 2984 visum
2529 2940 2631 2999 est,

541 3026 677 3081 Var.
702 3026 857 3081 Lect.
888 3024 1018 3092 XV,
1054 3024 1139 3079 13.
1194 3023 1359 3081 Adde
1384 3042 1558 3093 vero,
1589 3026 1637 3081 si
1663 3024 1777 3091 vis,
1805 3035 1864 3080 et
1894 3023 2392 3081 absurdinsculum
2418 3024 2632 3095 videri5

538 3136 747 3197 praeter
782 3131 971 3178 cetera
1007 3120 1190 3190 enim,
1220 3140 1349 3197 quae
1382 3122 1573 3189 mitto,
1613 3119 1745 3177 vide
1777 3120 1956 3177 modo
1991 3121 2088 3177 illa
2123 3138 2250 3196 qua
2281 3134 2628 3197 sequuntur,

540 3242 563 3269 ι.
582 3262 593 3273 .
615 3261 628 3274 .
644 3261 657 3273 .
674 3262 687 3275 .
713 3219 954 3275 nimium
975 3218 1255 3294 patienter
1274 3204 1606 3293 utrumque,
1627 3219 1716 3274 Ne
1735 3217 1920 3275 dicam
1940 3204 2125 3287 stulte,
2147 3204 2370 3290 mirati3
2391 3219 2438 3276 si
2451 3220 2629 3277 modo

538 3334 646 3393 ego
675 3327 729 3372 et
748 3305 857 3372 ‘'vos-
876 3314 1093 3372 Scimus
1120 3314 1470 3371 inurbanum
1490 3316 1685 3391 lepido
1703 3332 1982 3390 seponere
2008 3313 2181 3383 dicto,
2198 3326 2302 3373 etc.
2321 3340 2346 3367 n
2363 3315 2626 3385 Attende,

538 3412 728 3483 sodes,
750 3411 826 3469 ad
852 3410 997 3467 illud
1022 3413 1072 3466 V
1071 3430 1161 3480 οε,
1190 3430 1227 3467 o
1246 3412 1492 3470 Pisones.
1522 3414 1812 3488 Perquam
1830 3412 2043 3469 scilicet
2059 3424 2299 3470 venuste
2317 3413 2632 3489 respondet

537 3510 772 3579 Noster3
798 3507 845 3564 si
877 3526 975 3565 eos
1002 3508 1102 3582 qni
1128 3506 1150 3585 (
1162 3518 1227 3563 ut
1252 3508 1376 3563 vult
1402 3508 1729 3589 Dacierius)
1757 3509 1878 3582 jam
1903 3510 2168 3564 Plautum
2193 3510 2409 3567 Grecis
2435 3529 2628 3586 oppo-

537 3616 794 3673 suerant,
824 3622 955 3672 eos,
980 3604 1215 3679 inquam
1230 3644 1247 3673 ,
1269 3605 1421 3680 ipsos
1440 3606 1626 3663 statim
1649 3604 1931 3682 appellat,
1959 3616 2024 3661 ut
2047 3622 2240 3662 secum
2253 3608 2554 3665 sentientes
2571 3618 2630 3664 et

537 3706 801 3763 Plautum
828 3704 988 3761 haud
1014 3704 1203 3781 magni
1236 3706 1586 3762 aestimantes.
1622 3706 1838 3763 Buta-1..

614 3808 755 3876 Quae
802 3818 1125 3880 sequuntur
1168 3804 1686 3865 animadversiones
1731 3808 1792 3863 in
1839 3808 1949 3865 hos
1987 3827 2186 3865 versus
2209 3830 2225 3864 τ
2267 3834 2293 3859 «ι
2318 3811 2394 3865 At
2437 3808 2624 3864 nostri

535 3902 741 3979 proavi
766 3904 1061 3961 Plautinos
1082 3916 1137 3962 et
1158 3924 1431 3963 numeros
1453 3916 1511 3962 et
1529 3906 1862 3966 Laudavere
1889 3906 2058 3977 sales,
2086 3906 2325 3963 nimium
2341 3905 2625 3981 patienter

534 4007 847 4072 utrumque
862 4037 878 4066 ,
914 4000 1001 4055 Ne
1026 4000 1208 4056 dicam
1237 4002 1425 4071 stulte,
1456 4002 1647 4059 mirati
1662 4045 1678 4073 ‚
1711 4012 1818 4059 etc.
1839 4028 1864 4053 n
1891 4003 2102 4079 partim
2127 4020 2204 4059 ex
2227 4002 2374 4059 notis
2397 3998 2623 4057 ineditt.

534 4088 609 4144 ad
650 4090 875 4149 Horatii
914 4096 1217 4155 Sermones
1258 4110 1315 4153 et
1344 4100 1623 4174 Epistulas
1655 4102 2071 4177 excerpsimus,
2103 4120 2248 4175 quas
2277 4100 2361 4157 cl.
2391 4100 2622 4155 Eusinn

532 4188 858 4259 sanun,
881 4189 998 4261 jam
1024 4191 1127 4247 diu
1166 4192 1238 4249 de
1264 4194 1445 4252 literis
1474 4206 1536 4253 et
1566 4198 1745 4273 patria
1775 4198 2000 4275 egregie
2025 4199 2290 4269 meritus,
2319 4196 2622 4254 nobiscum
