3000 4684
553 406 640 450 22

1114 381 1200 470 Q.
1254 383 1669 452 HORATII
1720 386 2073 456 FLACCI

549 519 703 588 Plus
729 519 999 588 haurire
1027 519 1185 589 mali
1213 537 1342 610 est,
1370 547 1569 616 quam
1600 547 1680 592 ex
1712 549 1786 592 re
1811 523 2175 621 decerpere
2204 527 2479 600 fructus.

551 638 696 708 Nec
723 639 934 734 magis
961 637 1144 728 huic,
1175 641 1404 710 niveos
1429 641 1609 711 inter
1635 643 2013 739 viridesque
2040 643 2338 740 lapillos,

2566 650 2649 710 80

553 755 653 826 Sit
678 753 835 824 licet
861 755 1015 843 hoc,
1032 757 1386 846 Cerinthe,
1411 772 1622 848 tuum,
1646 775 1951 830 tenerum
1972 777 2075 831 est
2098 761 2338 853 femur,
2361 779 2477 834 aut
2494 785 2648 836 crus

552 873 858 962 Rectius,
888 889 1086 968 atque
1115 875 1316 944 etiam
1347 873 1583 946 melius
1612 902 1909 974 persaepe
1937 894 2179 976 togatae
2207 895 2334 952 est.
2404 927 2413 953 ‚

551 990 746 1062 Adde
772 993 933 1082 huc,
963 993 1143 1088 quod
1173 1019 1467 1066 mercem
1497 997 1643 1066 sine
1671 997 1838 1068 fucis
1866 1015 2112 1094 gestat3
2140 1013 2406 1094 aperte,

553 1110 758 1200 Quod
781 1111 1015 1183 venale
1038 1113 1275 1202 habet,
1299 1114 1625 1205 ostendit3
1656 1141 1813 1205 nec,
1838 1119 1891 1187 si
1919 1116 2081 1212 quid
2104 1116 2371 1188 honesti
2395 1131 2529 1206 est,

551 1230 771 1298 Jactat
794 1229 1128 1323 habetque
1155 1228 1406 1324 palam3
1432 1233 1703 1326 quaerit,
1729 1257 1863 1328 quo
1887 1232 2110 1329 turpia
2140 1230 2329 1301 celet.

2570 1229 2651 1287 85

553 1348 850 1442 Regibus
876 1349 986 1418 hic
1015 1374 1159 1418 mos
1187 1363 1316 1438 est,
1339 1351 1459 1420 ubi
1486 1376 1691 1445 equos
1719 1366 2126 1446 mercantur,
2152 1363 2427 1445 opertos

556 1469 956 1562 Inspiciunt,
986 1495 1103 1558 ne,
1133 1471 1188 1538 si
1218 1469 1445 1556 facim,
1481 1486 1553 1540 ut
1582 1495 1787 1565 saepe,
1817 1469 2061 1540 decora

557 1682 694 1734 supr.
717 1684 766 1716 v.
792 1677 857 1719 37
877 1684 1012 1736 seqq.
1032 1669 1162 1720 dixit
1179 1669 1364 1722 Noster
1378 1671 1573 1740 quoties

563 1749 615 1800 in
641 1751 937 1803 insectandis
957 1755 1192 1805 matronis
1212 1755 1278 1806 sit
1301 1755 1574 1824 poenitendi

558 1833 711 1886 locus.
735 1835 904 1886 En.—
920 1835 1082 1898 unde,
1102 1854 1131 1888 a
1149 1839 1348 1908 quibus.

643 1929 727 1970 79.
746 1918 866 1982 Est,
883 1920 1014 1986 licet,
1027 1922 1331 1974 datum—est
1345 1939 1422 1982 η’,
1439 1923 1579 1990 cujus

566 2005 706 2072 copia
725 2005 891 2055 datur.
905 2033 975 2044 -
989 2005 1101 2058 Nec
1122 2007 1290 2076 magis
1315 2005 1460 2066 hue'c,
1479 2016 1573 2058 etc.

562 2086 809 2140 Nonnulli
842 2089 1113 2141 doctissimi
1149 2089 1443 2156 interpretes
1465 2105 1578 2139 cum

565 2171 667 2223 Ben
674 2170 808 2232 tleio,
829 2172 880 2222 in
894 2189 940 2222 v.
957 2183 984 2223 8
997 2185 1015 2220 ι
1032 2183 1118 2226 tuo
1132 2183 1374 2239 promum
1387 2169 1576 2236 legunt,

567 2251 638 2305 ita
659 2253 791 2304 hunc
812 2252 970 2305 locum
995 2253 1321 2321 explicantes:
1351 2269 1442 2306 nec
1459 2252 1577 2304 huic

571 2339 733 2392 femur
748 2375 765 2406 ,
791 2339 1013 2408 quamvis
1047 2339 1113 2388 sit
1149 2337 1332 2406 lapillis
1363 2337 1578 2389 adorna-

575 2433 699 2488 tum,
719 2422 872 2488 magis
896 2431 1120 2475 tenerum
1150 2421 1260 2472 ideo
1283 2421 1379 2472 erit
1397 2431 1481 2473 tuo
1499 2420 1579 2472 fe-

573 2523 726 2572 more,
745 2525 777 2559 o
793 2507 1046 2558 Cerinthe.
1066 2505 1172 2557 Nos
1191 2517 1356 2558 autem
1368 2516 1582 2557 veterem

574 2589 844 2642 retinentes
895 2575 1189 2657 lectionem',
1229 2605 1340 2642 cum
1377 2589 1583 2642 Dacerio

576 2674 649 2726 sic
665 2675 1021 2742 explicabimus
1041 2694 1052 2724 :
1075 2692 1162 2726 nec
1180 2675 1295 2726 huic
1311 2673 1584 2742 (matronae)

577 2757 740 2810 femur
756 2758 887 2809 inter
904 2758 1071 2810 niveos
1085 2756 1585 2827 viridesquelapillos‚

574 2841 630 2892 h.
654 2857 700 2892 e.
723 2841 990 2893 unionibus
1013 2852 1064 2893 et
1097 2842 1363 2908 smaragdis
1380 2841 1589 2893 circum-

574 2927 744 2977 datum
759 2961 777 2992 ‚
803 2926 952 2992 magis
972 2936 1194 2977 tenerum
1217 2927 1342 2992 erit,
1368 2938 1454 2978 aut
1473 2944 1589 2979 crus

581 3009 762 3064 rectius
774 3047 789 3076 ,
811 3010 928 3064 licet
947 3011 1040 3063 hoc
1055 3012 1124 3064 sit
1145 3023 1283 3063 tuum
1305 3013 1557 3078 ingenium
1572 3049 1589 3078 ,

577 3095 850 3166 Cerinthe,¹
879 3095 998 3148 licet
1019 3113 1076 3148 ea
1105 3097 1172 3147 sit
1201 3105 1376 3148 natura
1417 3105 1498 3148 tua
1536 3107 1591 3148 ut

579 3181 763 3234 mulier
793 3180 1002 3232 armillis
1036 3191 1087 3232 et
1123 3181 1401 3246 margaritis
1440 3181 1591 3232 ador-

577 3277 723 3328 nata,
759 3265 854 3316 tibi
889 3264 1140 3333 pulchrior
1163 3265 1403 3317 videntur.
1427 3265 1590 3317 Multa

579 3350 760 3420 passim
799 3347 928 3417 apud
967 3347 1226 3400 Tibullum
1271 3350 1488 3417 reperies
1528 3351 1592 3403 de

579 3433 674 3486 hoc
691 3423 952 3500 Cerintho,
970 3433 1057 3501 qui
1076 3432 1199 3483 adeo
1217 3430 1421 3499 pulcher
1437 3443 1488 3484 et
1505 3434 1595 3486 de·-

580 3537 721 3572 corus
747 3521 859 3597 fuit,
881 3528 937 3569 ut
951 3518 1014 3572 ab
1026 3517 1256 3569 omnibus
1270 3517 1447 3585 puellis
1459 3535 1597 3570 ama-

581 3615 739 3655 retur.
765 3601 862 3653 En.
891 3629 964 3640 --
986 3617 1112 3651 crus
1133 3599 1366 3660 Rectius,
1393 3617 1597 3654 crurum

582 3703 640 3738 ea
663 3696 736 3737 est
761 3683 1072 3753 pulchritudo
1087 3721 1100 3748 ,
1123 3694 1178 3734 ut
1201 3694 1334 3734 recta
1353 3693 1406 3734 et
1421 3685 1597 3736 teretia

583 3769 705 3819 sint.
737 3767 862 3818 vid.
903 3768 1001 3820 od.
1047 3767 1133 3835 11,
1170 3779 1201 3818 4
1219 3805 1234 3830 ,
1271 3777 1360 3818 2¹.
1402 3765 1500 3817 En.
1525 3795 1597 3806 --

1718 1683 1805 1724 83.
1826 1671 2077 1732 Mercem,
2099 1669 2370 1722 venustatis
2387 1667 2653 1732 lenocinia

1646 1765 1759 1824 apte
1810 1757 1903 1808 hoc
1942 1755 2007 1808 de
2060 1755 2260 1808 feminis
2300 1771 2409 1824 quae
2451 1769 2657 1821 corpore

1645 1851 1885 1912 quatum
1913 1841 2115 1892 faciunt.
2143 1839 2239 1891 En.
2260 1837 2460 1888 —sine
2468 1836 2651 1906 fucit,

1646 1927 1759 1978 sine
1800 1924 2021 1977 externis
2070 1921 2375 1976 ornamentis
2425 1919 2656 1972 vitiosum

1648 2008 1837 2076 aliquid
1846 2007 2135 2058 celantibus.
2144 2007 2496 2076 En.—upem,
2508 2001 2667 2070 Quod

1648 2090 1838 2142 venale
1860 2087 2033 2150 habet,
2058 2085 2289 2145 ostendit,
2312 2085 2545 2137 meretrix
2565 2086 2663 2138 sci-.

1648 2174 1764 2226 licet
1782 2190 1837 2224 se
1858 2183 2031 2239 totam,
2047 2173 2233 2240 absque
2247 2168 2661 2234 dissimulatione,

1644 2256 1888 2310 offert.—-
1903 2254 1957 2303 V
1950 2255 2098 2306 male
2118 2254 2243 2308 bene
2268 2251 2529 2321 respondet
2551 2253 2657 2304 voci

1647 2355 1810 2390 mer-x.
1834 2337 2119 2397 En.—-nec,
2140 2334 2329 2410 siquid
2334 2335 2544 2396 bonecu‘,
2558 2349 2651 2390 etc.

1650 2420 1823 2472 'Variae
1843 2431 1960 2472 sunt
1988 2421 2137 2490 hujus
2160 2421 2251 2473 loci
2284 2422 2661 2489 interpretatio-

1654 2523 1772 2568 nes;
1796 2506 1921 2558 mihi
1963 2516 2123 2558 autem
2156 2506 2261 2556 haec
2297 2503 2571 2572 simplicior
2604 2521 2663 2561 so

1654 2590 1707 2642 in
1730 2601 1959 2657 promptu
1977 2589 2079 2640 visa
2101 2599 2206 2640 est:
2244 2605 2402 2656 neque
2429 2589 2665 2650 meretrix

1657 2682 1900 2724 matronas
1924 2673 2159 2737 imitatur,
2173 2689 2281 2741 quae
2293 2671 2481 2738 jactant
2498 2689 2555 2724 sc
2568 2689 2663 2741 pa-

1656 2756 1753 2808 lam
1781 2758 2001 2820 offerunt
2022 2757 2262 2826 quidquid
2296 2757 2488 2809 honesti
2509 2757 2665 2824 (pul-

1656 2841 1765 2893 chri
1780 2841 1798 2911 )
1815 2842 2003 2893 habent
2018 2879 2032 2902 ,
2054 2843 2173 2899 dnm
2188 2853 2357 2895 contra
2372 2842 2532 2894 celant
2554 2853 2667 2894 tur-2

1659 2928 1769 2996 pia;
1812 2927 1897 2978 sed
1938 2927 2126 2994 pariter
2164 2929 2369 2980 honesta
2410 2937 2463 2980 et
2502 2928 2669 2996 turpis

1656 3009 1890 3062 ostendit.
1918 3009 2014 3060 En.

1734 3105 1820 3147 86.
1842 3093 2074 3164 Regibus
2090 3091 2174 3146 hio
2196 3111 2301 3154 mos
2318 3106 2413 3156 est,
2438 3104 2531 3146 etc.
2554 3109 2671 3148 seu-

1664 3179 1929 3230 tentiamm
1972 3197 2127 3234 nexus
2166 3180 2250 3232 bic
2284 3179 2389 3230 sere
2425 3187 2532 3230 est:
2566 3179 2671 3246 Qui

1665 3273 1911 3314 matronas
1947 3273 2227 3326 sectantur,
2262 3272 2465 3316 externa
2499 3279 2673 3322 earum

1664 3344 1824 3413 specie
1847 3361 1945 3397 non
1969 3362 2081 3398 ram
2104 3361 2157 3396 se
2183 3345 2344 3413 decipi
2382 3346 2673 3412 patiuntur-5

1664 3429 1957 3498 prudentius
1999 3439 2151 3496 agunt
2193 3429 2493 3498 potentiores
2514 3447 2533 3496 5
2576 3429 2633 3481 hi
2656 3465 2675 3492 ,

1666 3513 1755 3567 ubi
1793 3531 1945 3583 equos
1982 3523 2283 3578 mercantur,
2322 3531 2386 3566 ne
2421 3523 2675 3568 externum

1666 3617 1835 3652 eorum
1858 3600 2086 3668 speciem,
2103 3599 2325 3652 decoram
2353 3599 2545 3664 faciem,
2568 3597 2679 3665 pul·

1667 3683 1809 3736 chras
1842 3682 2041 3749 clunes,
2086 3683 2233 3733 breve
2266 3693 2412 3750 caput
2431 3720 2446 3742 ‚
2472 3679 2679 3735 arduam

1666 3765 1902 3820 cervicem
1918 3763 2289 3833 contemplando
2306 3767 2371 3816 ab
2394 3765 2476 3827 iis,
2494 3781 2603 3833 quae
2624 3765 2681 3816 in

587 3863 746 3920 atque
779 3852 924 3901 etae‘am
956 3867 1184 3920 persoepe
1224 3863 1436 3921 togatoe,
1475 3867 1602 3920 soepe
1674 3849 1738 3899 iis
1759 3848 1933 3900 vitiosa
1959 3858 2093 3909 sunt,
2115 3847 2435 3901 observandis
2458 3859 2681 3908 avertan-

589 3935 737 3985 etiam
767 3935 920 3998 magis
953 3945 1175 3986 tenerum
1209 3934 1387 4000 femur,
1413 3951 1468 3985 ac
1489 3949 1603 3984 crus
1675 3942 1772 3998 tur,
1796 3949 1955 4003 equos
1986 3932 2274 3984 velamentis
2300 3945 2495 4001 apenos
2518 3949 2683 3984 emere

593 4017 772 4068 rectius
791 4015 939 4066 habet
961 4017 1212 4067 meretrix.
1232 4016 1356 4068 Vid.
1379 4033 1515 4084 supr.
1539 4015 1599 4066 ad

589 4119 636 4150 v.
665 4111 756 4168 65,
777 4099 840 4151 de
861 4100 950 4150 hoc
966 4099 1116 4150 verbo
1137 4111 1326 4167 togata.
1359 4101 1451 4149 lin.

1672 4013 1846 4066 solent.
1888 4014 2121 4068 Dacerius
2158 4026 2211 4067 et
2238 4017 2435 4082 Faber3
2462 4028 2679 4086 apenos.

1672 4095 1769 4146 En.
1802 4127 1870 4134 —
1906 4099 1959 4148 si
1976 4097 2153 4166 fieres
2164 4134 2277 4158 .....
2314 4097 2501 4152 decora
2536 4097 2693 4160 Molli
