3000 4684
515 414 659 500 484
708 384 719 392 ’

1073 413 1162 499 Q.
1213 414 1631 481 HORATn
1679 413 2032 483 FLAccl
2166 406 2197 425 ‘

514 550 702 641 Quid
726 550 987 639 deceat,
1013 549 1175 645 quid
1200 576 1373 640 non3
1399 576 1532 645 quo
1557 552 1797 640 virtus,
1823 574 1955 645 quo
1978 552 2148 621 ferat
2169 576 2386 621 error.

612 673 992 741 Semnmtm
1030 684 1209 739 recte
1242 694 1475 763 sapere
1510 685 1612 739 est
1640 685 1706 739 et
1738 669 2140 765 principium
2173 687 2242 741 et
2272 656 2462 741 fons:

510 794 681 861 Rem
712 788 839 858 tibi
868 789 1219 858 Socraticae
1250 802 1574 882 poterunt
1605 787 1958 857 ostendere
1992 789 2280 859 chartae:

2475 789 2597 845 310

514 907 870 1001 Verbaque
903 906 1237 1000 provisam
1270 930 1414 977 rem
1448 932 1586 977 non
1620 907 1830 976 invita
1863 922 2242 1001 sequentur.

518 1147 543 1175 α
564 1128 685 1180 Mox
701 1125 850 1179 etiam
869 1135 1037 1194 pectus
1057 1123 1518 1197 preceptiefhrmat

513 1210 700 1262 amicis.
724 1228 753 1257 ι»
790 1218 839 1259 et
877 1209 931 1259 in
968 1208 1135 1259 Carm.
1176 1208 1202 1259 1
1220 1245 1233 1269 ,
1269 1205 1369 1259 od.
1410 1217 1510 1259 ¹0:

512 1312 539 1340 α
562 1290 662 1357 Qui
702 1292 831 1343 feros
864 1290 1019 1343 cultus
1054 1291 1307 1343 hominum
1342 1308 1518 1343 recen-

509 1385 615 1428 tum
624 1374 760 1428 Voce
766 1374 1007 1443 formas&
1018 1384 1173 1425 cutus.
1194 1394 1220 1421 n
1232 1373 1299 1424 Et
1310 1374 1403 1426 lib.
1416 1374 1517 1437 III,

514 1469 614 1511 Ωιι
649 1478 676 1506 α
700 1455 771 1508 Et
788 1468 968 1508 teneroe
988 1456 1138 1507 nimis
1156 1456 1353 1508 Mentes
1372 1473 1517 1525 aspe-

512 1540 727 1593 rioribus
742 1536 1044 1591 Fonnandoe
1064 1538 1258 1591 studiis.
1284 1558 1311 1587 ι
1330 1538 1517 1591 Inven-

512 1624 586 1677 tio
607 1623 713 1691 ipsa
730 1623 848 1682 alit3
884 1622 1084 1690 reliqua
1104 1631 1267 1689 partes
1281 1658 1296 1681 ‚
1318 1630 1369 1671 et
1386 1638 1516 1689 prae—

510 1705 681 1759 sertim
728 1705 936 1758 elocutio
974 1702 1244 1756 orationem
1292 1702 1471 1755 format
1494 1720 1509 1752 ε

512 1791 651 1842 valde
682 1790 743 1841 ad
776 1790 908 1839 hunc
937 1788 1094 1839 locum
1128 1786 1193 1838 de
1226 1787 1428 1839 materie
1462 1796 1515 1839 et

508 1874 744 1926 orationis
776 1872 931 1923 forma
960 1870 1046 1921 illa
1080 1867 1337 1921 Ciceronis
1364 1868 1515 1920 verba

508 1958 763 2027 pertinent
779 1995 795 2020 ‚
815 1956 879 2007 de
902 1952 1138 2007 Oratore:
1172 1973 1199 2001 α
1219 1952 1353 2007 Volo
1380 1951 1518 2006 enim
1549 2006 1554 2011 ,

508 2044 649 2110 prius
678 2040 858 2093 habeat
880 2048 1044 2091 orator
1064 2053 1165 2089 rem
1184 2072 1199 2099 ‚
1221 2036 1285 2088 de
1306 2052 1403 2104 qua
1429 2035 1518 2087 di-

511 2133 621 2185 cat,
652 2123 847 2189 diguam
879 2120 1082 2172 auribus
1112 2119 1320 2170 eruditis
1338 2156 1352 2181 ,
1369 2136 1517 2187 quam

510 2208 687 2274 cogitet
715 2206 894 2275 quibus
926 2202 1092 2256 verbis
1112 2202 1329 2272 quidque
1356 2202 1518 2264 dicet,

514 2300 601 2342 aut
627 2306 725 2358 quo
748 2288 910 2339 modo.
933 2306 960 2335 n
986 2286 1083 2337 En.
1104 2315 1175 2324 —
1195 2286 1401 2344 vinus,
1434 2283 1526 2337 do-

510 2372 689 2434 ctriua,
710 2370 945 2432 sollertia,
966 2368 1522 2440 severumflstudiume-

515 2470 677 2515 emr,
702 2451 916 2515 inscitia,
936 2451 1206 2503 temeritas.

586 2547 705 2588 309.
723 2535 1035 2587 Puteum-uu
1053 2550 1519 2585 nuonnvncnsmmr.

516 2618 633 2671 Non
662 2633 779 2668 sene
808 2616 1000 2666 insania
1034 2632 1228 2686 poeseos
1266 2616 1376 2667 fons
1410 2626 1516 2675 est,

516 2714 574 2756 ut
594 2709 759 2755 contra
789 2698 919 2752 nibil
950 2711 1081 2752 recte
1108 2700 1253 2751 scribi
1293 2699 1401 2751 sine
1436 2714 1517 2749 sa·

516 2783 704 2853 pientia
728 2783 899 2852 possit.
922 2780 1153 2845 Neglectn
1170 2782 1303 2833 enim
1324 2780 1522 2848 sapien·-

516 2870 585 2921 tia
614 2885 759 2920 nemo
782 2876 1003 2936 naturam
1030 2866 1291 2917 humanum
1308 2902 1325 2929 ,
1345 2873 1396 2914 et
1411 2880 1522 2931 quae

512 2953 747 3022 cujusque
764 2953 941 3013 aetntis,
959 2950 1051 3003 loci
1065 2959 1116 3001 et
1126 2950 1315 3001 ordinis
1330 2947 1522 3000 homini

514 3038 802 3093 conveniant
820 3070 835 3095 ,
860 3031 1071 3085 noverit.
1100 3030 1292 3097 Quibus
1308 3047 1409 3083 non
1428 3046 1522 3097 ap-

513 3120 677 3189 prime
706 3115 913 3183 cognitis
934 3151 951 3180 ,
982 3132 1073 3167 nec
1104 3114 1329 3167 homines
1352 3111 1521 3181 quales

513 3212 631 3253 sunt
642 3198 1006 3259 describuntur,
1024 3214 1112 3249 nec
1128 3213 1227 3261 res,
1238 3196 1302 3245 de
1313 3212 1409 3263 qua
1424 3196 1521 3261 agi-

516 3296 620 3351 tur,
642 3284 773 3336 veris
800 3281 1121 3333 adumbratur
1139 3276 1412 3342 coloribus;
1434 3278 1523 3330 de-

516 3368 667 3435 nique
692 3380 792 3417 nou
818 3372 951 3415 recte
970 3372 1155 3412 morata
1172 3352 1519 3412 videbitur'fa-

516 3447 633 3499 bula
650 3484 671 3510 ‚
697 3462 808 3515 quae
826 3444 1067 3513 praecipue
1090 3444 1328 3509 poematis
1343 3443 1521 3495 scenici

516 3530 624 3581 laus
660 3539 752 3579 est.
784 3526 1022 3594 Exemplo
1052 3525 1104 3577 in
1132 3525 1223 3577 hac
1244 3543 1437 3595 quoque
1466 3544 1522 3579 re

514 3628 621 3665 esse
636 3621 840 3679 possunt
862 3607 1042 3673 Greci,
1062 3625 1184 3659 verae
1196 3608 1354 3659 laudis
1365 3609 1517 3661 avari.

518 3693 589 3746 At
626 3692 835 3745 Romani
878 3692 931 3742 in
979 3691 1278 3743 numeranda
1322 3690 1484 3759 potius
1503 3726 1520 3758 ‚

514 3793 661 3847 qutun
680 3776 821 3827 avide
838 3774 1106 3837 cumulant,
1126 3776 1357 3843 pecunia,
1372 3792 1519 3845 quam

514 3859 569 3910 in
590 3860 845 3926 fingendis,
862 3877 971 3929 quae
988 3864 1177 3911 etatem
1200 3860 1381 3923 ferant,
1404 3876 1519 3912 car·-

516 3940 733 3992 minibus
753 3944 970 4012 compati
992 3951 1239 3995 tenentur.
1266 3942 1363 3994 En.

588 4024 713 4067 509.
738 4022 1187 4081 Scn'bendioecoe,
1208 4036 1299 4077 etc.
1325 4026 1517 4091 princi-

1585 1124 1723 1193 pium
1735 1134 1787 1176 et
1799 1122 1907 1175 fons
1918 1132 2048 1177 recte
2058 1123 2302 1175 scribendi
2315 1133 2394 1175 est
2401 1139 2596 1192 sapere,

1586 1208 1640 1260 h.
1662 1224 1708 1259 e.
1735 1206 1891 1270 scire,
1924 1206 2046 1276 quid
2080 1207 2277 1269 deceat,
2305 1207 2426 1275 quid
2455 1224 2552 1258 non
2574 1226 2592 1256 ι

1587 1291 1636 1341 le
1654 1290 1751 1342 bon
1774 1308 1909 1341 sem.
1925 1318 1997 1329 —-
2017 1290 2174 1349 Hem,
2209 1300 2301 1342 etc.
2337 1291 2596 1342 materiem

1587 1373 1900 1441 suppeditare
1919 1372 2012 1425 tibi
2039 1382 2268 1439 poterunt
2289 1372 2468 1439 scripta
2497 1372 2592 1423 So-

1585 1458 1754 1509 cratis.
1774 1454 1916 1508 Plato
1933 1473 2174 1509 summum
2186 1465 2424 1507 oratorem
2443 1456 2600 1507 fuisse

1587 1540 1828 1593 Periclem
1845 1541 1986 1592 docet
1998 1577 2014 1603 ,
2037 1542 2153 1609 quia
2173 1541 2461 1608 sapientiam
2481 1558 2595 1591 cum

1587 1623 1866 1691 eloquentia
1895 1623 2248 1689 conjunxera23
2281 1622 2418 1689 cujus
2436 1621 2593 1674 lomm

1587 1704 1762 1759 Cicero
1787 1707 1860 1759 sic
1883 1706 1936 1757 in
1951 1704 2164 1757 Oratore
2183 1706 2246 1757 nd
2262 1704 2468 1757 Brutum
2486 1722 2598 1755 ver-

1585 1787 1676 1838 tit:
1695 1787 1988 1857 «Siquidem
2008 1788 2157 1841 etiem
2184 1788 2238 1839 in
2256 1786 2466 1839 Phaedro
2480 1787 2596 1839 Pla-

1585 1871 1714 1923 tonis
1731 1908 1745 1933 ,
1773 1870 1868 1923 hoc
1892 1870 2133 1923 Periclem
2163 1869 2448 1940 prestitisse
2465 1881 2600 1922 cete-

1591 1954 1661 2006 ris
1682 1953 1806 2007 dicit
1832 1955 2113 2007 oratoribus
2141 1955 2386 2015 Socrates,
2403 1954 2534 2024 quod
2553 1954 2598 2004 is

1589 2044 1889 2103 Anaxagorae
1923 2038 2114 2107 physici
2149 2035 2300 2089 fuerit
2322 2037 2544 2097 auditor,
2567 2052 2598 2085 a

1588 2138 1688 2190 quo
1713 2131 1878 2173 censet
1909 2138 2023 2173 eum
2039 2157 2055 2181 ,
2073 2136 2224 2189 quum
2245 2118 2341 2171 alia
2371 2118 2602 2187 praeclara

1559 2210 1574 2247 ‘-
1589 2204 1830 2272 quadam,
1849 2214 1900 2257 et
1927 2204 2180 2269 magnifica
2197 2202 2443 2264 didicisse,
2465 2202 2602 2251 ube-

1594 2304 1698 2339 rem
1717 2298 1769 2339 et
1787 2287 2058 2339 secundum
2089 2287 2252 2350 fuisse,
2269 2300 2600 2353 gnarumque,

1589 2369 1718 2437 quod
1737 2378 1811 2419 est
1831 2368 2120 2437 eloquentia
2144 2368 2408 2418 maximum
2428 2404 2444 2429 ‚
2477 2367 2606 2437 qui-

1588 2451 1680 2501 bus
1709 2450 1944 2504 orationis
1979 2449 2135 2500 modis
2163 2466 2368 2517 quaeque
2395 2450 2602 2502 animo-

1593 2548 1698 2583 rum
1749 2542 1911 2601 partes
1961 2530 2355 2599 impellerentur.
2395 2532 2495 2583 En.
2526 2562 2598 2573 --

1589 2614 1769 2666 chana
1800 2631 1888 2681 pro
1925 2630 1982 2665 co
2001 2650 2016 2673 ‚
2039 2612 2172 2681 quod
2195 2612 2248 2664 in
2271 2614 2444 2666 charta
2475 2617 2600 2668 scri-

1592 2708 1728 2766 ptum
1760 2707 1867 2763 est;
1903 2698 1972 2749 sic
1997 2714 2132 2765 supr.
2171 2696 2382 2766 Epistol.
2410 2700 2465 2751 11
2483 2740 2498 2765 ,
2528 2714 2551 2752 1
2577 2739 2596 2766 ,

1596 2792 1726 2833 ¹6¹:
1759 2801 1785 2828 «ι
1803 2782 1983 2833 chartae
2011 2795 2195 2845 graecae.
2221 2799 2248 2827 »ι
2279 2778 2379 2831 Od.
2405 2780 2505 2847 IV,
2530 2792 2594 2845 8,

1593 2874 1658 2915 ³¹
1685 2883 1696 2915 :
1727 2883 1756 2911 «t
1771 2862 1826 2915 Si
1845 2865 2024 2916 charta
2045 2862 2242 2915 sileant.
2262 2883 2288 2911 ν
2321 2862 2503 2917 catull.
2529 2866 2555 2916 1
2573 2904 2592 2927 ‚

1595 2960 1657 3002 6:
1699 2968 1726 2994 α
1761 2946 1923 2999 Omne
1959 2964 2114 2997 aevum
2156 2947 2317 2997 tribus
2353 2948 2596 3016 explicare

1590 3032 1803 3093 chartis,
1830 3052 1856 3079 υ
1889 3030 1976 3081 ubi
2008 3031 2106 3082 vid.
2141 3041 2246 3082 not.
2267 3038 2598 3101 ——provesam

1591 3132 1720 3174 nm,
1740 3126 1885 3165 antea
1905 3113 2234 3181 exploratam
2257 3116 2344 3183 qui
2378 3132 2480 3167 rem
2495 3154 2510 3177 ,
2531 3116 2599 3169 de

1588 3216 1687 3269 qua
1707 3198 1976 3266 scripturus
2002 3208 2078 3250 est
2097 3236 2114 3265 ‚
2145 3200 2272 3251 bene
2305 3200 2558 3267 explorare
2573 3240 2592 3265 ‚

1592 3282 1871 3343 examinare
1883 3318 1898 3347 ,
1921 3281 2195 3350 perspicere
2213 3291 2260 3333 et
2276 3283 2437 3334 animo
2451 3300 2596 3335 com-

1577 3362 1738 3431 ·plecti
1760 3363 1978 3429 studuit,
1999 3380 2113 3414 eum
2137 3382 2242 3415 non
2264 3364 2414 3416 invita
2429 3365 2600 3421 vec-ba

1591 3459 1872 3517 sequentur
1898 3444 2143 3515 (Epistol.
2175 3448 2261 3514 11,
2283 3460 2313 3501 3
2331 3486 2346 3513 ,
2370 3462 2470 3502 ¹¹³
2487 3488 2502 3513 ,
2533 3452 2599 3503 nd

1590 3528 1792 3581 Florum
1813 3546 1825 3578 ε
1848 3549 1876 3577 α
1900 3527 2068 3580 Verba
2089 3548 2282 3584 movere
2296 3533 2416 3593 loco,
2425 3550 2598 3603 quam·

1590 3612 1664 3661 vis
1687 3612 1842 3661 invita
1865 3612 2111 3664 recedant.
2135 3614 2196 3683 w)
2217 3652 2232 3675 ‚
2255 3616 2420 3669 einen
2439 3620 2599 3670 deerit

1590 3694 1764 3745 oratio.
1802 3693 1946 3745 Hune
1976 3710 2172 3747 versum
2206 3698 2279 3749 sic
2309 3700 2372 3750 ad
2396 3698 2594 3751 verbum

1589 3776 1832 3844 expressit
1857 3775 2075 3843 Bolaeus,
2104 3777 2167 3830 A.
2189 3780 2246 3831 P.
2271 3780 2362 3833 lib.
2379 3781 2404 3832 Ι
2420 3819 2434 3842 ,
2457 3794 2556 3834 ¹33
2577 3803 2610 3843 z,

1593 3878 1620 3906 ot
1643 3860 1714 3911 Ce
1745 3876 1843 3929 que
1875 3860 1976 3913 l’on
2013 3864 2206 3927 conqoit
2229 3865 2348 3919 bien
2373 3866 2600 3919 s’enonce

1589 3940 1872 3995 clairemem
1887 3982 1903 4007 ,
1929 3944 1997 3997 Et
2017 3944 2089 3997 les
2112 3957 2238 3998 mots
2267 3966 2393 4015 pour
2415 3950 2464 4000 le
2485 3950 2599 4002 dire

1589 4026 1812 4079 arrivent
1833 4026 2088 4079 aisement.
2115 4048 2143 4076 a»
2175 4028 2269 4079 En.
