3000 4684
967 339 1335 408 SATIRAE
1383 340 1853 411 ROMANAE.
2340 343 2451 435 xiij

373 478 538 547 Non
576 473 965 547 abludebat
989 474 1140 548 haec
1166 478 1390 548 Satira
1415 501 1456 547 a
1489 480 1751 550 nostris
1777 483 2041 551 Farces
2061 479 2457 578 pudentio-

375 591 612 681 ribus,
645 591 772 664 ubi
809 594 1220 689 promiscue
1265 610 1336 665 et
1382 595 1936 691 spectatoribuS,
1982 612 2054 669 et
2098 596 2462 669 actoribus

378 711 668 783 scenico
704 711 846 783 sale
882 711 1422 784 defricabantur
1447 712 1805 785 auriculae.

473 830 703 923 Atque
727 827 828 899 ita
852 850 930 899 se
952 826 1266 900 habebat
1293 852 1405 900 res
1433 830 1754 920 scenica3
1781 854 2007 927 quum
2044 834 2283 906 Livius
2304 833 2461 901 An·

375 944 720 1017 dmnicus
765 946 862 1017 ad
908 946 1310 1019 comoedias
1355 962 1429 1019 et
1474 948 1877 1047 tragoedias
1915 950 2006 1022 ad
2050 955 2463 1023 Graecorum

379 1062 862 1133 imitationem
895 1062 1458 1137 conscribendas
1487 1064 1765 1161 primus
1789 1067 2113 1138 animum
2140 1066 2462 1165 appulit:

374 1201 535 1273 quae
557 1202 786 1275 quum
807 1195 995 1251 esset
1018 1178 1405 1252 oblectatio
1429 1194 1503 1251 et
1519 1179 1908 1273 liberalior,
1938 1196 2011 1255 et
2034 1181 2457 1270 absolutior,

376 1318 543 1365 mox
593 1294 740 1367 huc
791 1294 1117 1394 undique
1173 1297 1589 1369 catervatim
1648 1322 2087 1370 concursum
2137 1314 2281 1389 est,
2330 1321 2459 1368 ne-

371 1411 596 1505 glecta
643 1413 736 1484 ad
783 1429 1074 1511 tempus
1121 1420 1406 1501 Satira,
1458 1440 1675 1513 quam
1730 1431 1971 1489 tamen
2025 1416 2244 1514 paulo
2293 1430 2461 1514 post

373 1528 920 1623 reprehensam,
960 1546 1165 1601 erant
1206 1532 1335 1629 qui
1371 1532 1749 1604 comoediis
1776 1536 1923 1629 jam
1959 1534 2267 1630 peractis
2298 1556 2453 1602 non

371 1643 682 1716 absurde
710 1645 1223 1717 subnecterem
1246 1647 1490 1745 (quod
1517 1647 1702 1721 Gaui
1733 1651 1807 1719 in
1847 1650 1996 1719 suis
2024 1650 2298 1721 Fames
2326 1648 2460 1717 ho-

373 1761 638 1855 dieque
664 1762 968 1860 faciunt)
1005 1763 1368 1835 Attellanis
1396 1782 1620 1855 certe,
1652 1780 1927 1836 mutato
1958 1781 2112 1855 tum
2140 1766 2459 1863 primum

375 1877 769 1949 Satirarum
823 1880 1122 1951 nomine
1175 1881 1248 1951 in
1301 1882 1607 1957 Exodia
1629 1937 1649 1971 ,
1705 1880 1907 1979 quod
1956 1882 2030 1952 in
2087 1895 2457 1980 posterum

373 1996 662 2067 mansit.

467 2118 698 2210 Atque
756 2114 907 2185 haec
967 2114 1102 2186 fuit
1155 2116 1388 2214 prima
1442 2130 1514 2185 et
1564 2116 2065 2212 antiquissima
2114 2119 2487 2187 Romanae·

369 2228 610 2301 Satirae
635 2229 885 2301 forma.
908 2234 1127 2301 Erant
1154 2230 1454 2328 quidem
1479 2230 1639 2302 duae
1658 2232 1834 2321 aliae,
1858 2256 2017 2328 quae
2036 2224 2452 2329 quanquam
2494 2304 2511 2321 .

365 2374 406 2419 a
435 2350 666 2446 prima
687 2348 1000 2421 multum
1020 2349 1524 2447 discrepabant
1542 2405 1560 2441 ,
1590 2351 1657 2421 ei
1685 2365 1962 2441 tamen,
1991 2350 2195 2448 quasi
2224 2364 2452 2421 enatae

369 2464 831 2561 suffragines,
854 2481 1096 2537 ortum
1121 2490 1336 2536 suum
1367 2464 1803 2557 referebant,
1827 2465 2027 2563 quod
2055 2448 2272 2563 quam
2300 2463 2455 2536 bre-

367 2582 656 2652 vissime
682 2598 968 2679 potero,
997 2584 1140 2678 jam
1169 2580 1679 2653 confirmatum
1708 2580 1921 2655 dabo.

467 2701 626 2771 Uno
649 2724 846 2771 anno
867 2714 1250 2797 postquam
1265 2698 1509 2769 Livius
1529 2700 1795 2795 primas
1814 2699 2127 2771 dedisset
2146 2696 2449 2788 fabulas,

369 2831 586 2888 natus
623 2833 729 2889 est
760 2819 835 2889 in
873 2818 1068 2888 Italia
1103 2818 1419 2887 Ennius:
1455 2818 1585 2913 qui
1618 2841 1846 2914 quum
1878 2817 2343 2909 adolevisset,
2380 2832 2455 2890 et

367 2934 788 3031 diligentius
810 2934 1366 3025 considerasset,
1401 2948 1849 3033 quantopere
1878 2933 2303 3030 hujusmodi
2332 2939 2452 3006 Sa·

366 3053 522 3124 tiris
555 3050 1027 3124 delectaretur
1051 3050 1400 3149 populus,
1427 3066 1619 3123 recte
1649 3065 1721 3121 et
1750 3050 1825 3122 id
1852 3050 2060 3140 vidit,
2087 3066 2451 3147 poemata,

364 3194 527 3267 quae
575 3168 745 3241 licet
789 3192 940 3240 non
989 3167 1272 3239 theatro
1316 3167 1883 3259 destinarentur,
1928 3164 2241 3239 suffusos
2286 3165 2449 3238 felle

363 3288 548 3359 sales
600 3302 673 3360 et
724 3286 1022 3358 dicteria
1075 3282 1464 3355 Satirarum
1518 3283 1881 3355 mordacia
1936 3298 2447 3359 conservarent

361 3417 606 3477 tamen
625 3456 644 3493 ,
692 3426 847 3473 non
897 3424 1108 3497 posse
1158 3422 1310 3471 non
1355 3398 1637 3496 placere
1686 3399 1985 3497 popu10.
2036 3396 2443 3470 Periculum

361 3520 566 3607 fecit3
605 3516 834 3590 edidit
876 3520 1251 3591 Sermones
1293 3539 1478 3612 quos
1520 3518 1779 3597 Satiras
1824 3530 2102 3588 servato
2139 3517 2446 3612 antiquo

363 3637 666 3707 nomine
683 3631 1092 3733 appellavit.
1109 3638 1327 3703 Erant
1345 3630 1422 3703 hi
1445 3657 1817 3706 sermones
1833 3632 2227 3723 Horatiani‚
2244 3634 2451 3731 quod

360 3752 454 3825 ad
477 3766 992 3848 argumentum
1015 3766 1088 3823 et
1115 3752 1525 3823 varietatem
1560 3775 1801 3823 rerum
1830 3776 1959 3849 per
1984 3752 2230 3825 omnia
2250 3753 2449 3825 simi-

313 3896 320 3906 ·
363 3870 466 3941 les
489 3896 506 3940 ε
533 3884 860 3961 excepto,
879 3867 1082 3964 quod
1105 3868 1382 3941 Ennius
1399 3867 1494 3941 ad
1510 3866 1993 3968 quorumdam
2007 3872 2451 3961 Graecorum,
