3000 4684
580 340 717 414 382

1136 339 1225 426 Q.
1278 333 1694 408 nonnil
1741 335 2096 412 FLAccl

572 485 661 552 Et
684 481 885 574 sapit,
912 493 983 548 et
1007 479 1269 548 mecum
1298 477 1491 568 facit,
1521 492 1591 547 et
1612 479 1776 548 Jove
1795 477 2055 574 judicat
2077 501 2289 576 aequo.

572 599 733 669 Non
760 595 1069 692 equidem
1098 597 1408 687 insector,
1438 593 1800 668 delendave
1825 599 2125 668 carmina
2149 593 2304 668 Livi

570 721 731 788 Esse
758 740 935 805 reor,
964 715 1243 786 memini
1268 739 1413 810 quae
1436 713 1786 812 plagosum
1815 717 1984 786 mihi
2013 741 2224 812 parvo

574 831 911 904 Orbilium
947 832 1236 923 dictare,
1272 833 1391 902 sed
1424 834 1782 904 emendata
1811 834 2060 926 videri,
2097 874 2104 880 ·

572 950 1020 1047 Pulchraque‚
1046 967 1117 1022 et
1144 954 1392 1022 exactis
1423 953 1780 1023 minimum
1807 951 2153 1043 distantia,
2182 937 2413 1023 init-or.

574 1075 763 1142 Inter
792 1096 937 1167 qnae
966 1073 1245 1142 verbum
1280 1072 1554 1143 emicuit
1582 1074 1642 1143 si
1673 1073 1850 1145 forte
1882 1073 2198 1146 decorum
2214 1126 2234 1164 ,

572 1189 645 1258 Si
676 1213 901 1260 versus
934 1188 1135 1285 paulo
1166 1191 1562 1261 concinnior
1593 1215 1766 1261 unns
1797 1207 1866 1262 et
1897 1189 2097 1284 alter,

572 1307 827 1400 Injuste
858 1322 1072 1378 totum
1106 1306 1291 1378 ducit
1323 1300 1686 1404 venditque
1717 1332 1977 1404 poema.

2583 1297 2659 1384 7'5

572 1423 901 1520 Indignor
926 1424 1287 1520 quidquam
1320 1424 1761 1522 reprehendi,
1793 1453 1930 1498 non
1957 1428 2112 1523 quia
2137 1448 2354 1497 crasse

574 1636 727 1688 multa
742 1646 932 1690 veteres
946 1637 1109 1690 dicere
1128 1639 1339 1708 ignave,
1369 1640 1548 1707 frigide
1565 1678 1580 1702 ‚

578 1720 805 1787 languide
820 1757 837 1786 ,
866 1723 1053 1791 inepte.
1072 1752 1141 1762 —-
1160 1724 1319 1794 sapit,
1354 1735 1483 1776 recte
1503 1726 1586 1792 ju-

573 1805 799 1858 dicat.--
810 1804 1186 1876 mecumsacit,
1217 1807 1333 1858 item
1352 1809 1510 1860 sentit
1528 1826 1585 1862 ac

577 1906 681 1957 ego.
704 1890 798 1942 En.
812 1893 1015 1946 —Jove
1038 1910 1217 1964 oeque,
1256 1893 1475 1959 favente,
1498 1910 1578 1945 se-

572 1975 748 2038 cundo,
772 1986 826 2027 ut
845 1993 970 2028 vers.
996 1985 1085 2041 94,
1096 1975 1326 2046 finum
1348 1993 1522 2047 oequa.

647 2071 736 2111 69.
758 2059 876 2109 Νοη
893 2055 1153 2128 equidem,
1176 2067 1270 2110 etc.
1296 2073 1455 2126 neque
1466 2075 1582 2111 vero

575 2142 680 2194 haec
694 2158 783 2208 ego
798 2140 905 2192 dico
919 2180 934 2201 ,
956 2142 1087 2209 quod
1106 2142 1329 2193 insectari
1349 2151 1399 2194 et
1415 2142 1582 2196 delere

572 2225 719 2276 velim
732 2225 948 2276 carmina
960 2225 1092 2275 Livii
1111 2224 1402 2278 Andronici.
1414 2227 1581 2278 En.—

576 2306 964 2366 Orbt'liumude
988 2307 1181 2360 Orbilio
1194 2347 1211 2371 ,
1248 2312 1334 2378 qui
1360 2327 1389 2361 a
1413 2320 1582 2364 tenera

577 2393 693 2444 inde
716 2400 858 2442 aetate
876 2409 975 2442 non
996 2391 1175 2444 leviter
1202 2393 1441 2446 bonamm
1468 2395 1583 2448 lite-

576 2490 740 2526 rarum
761 2473 938 2524 studiis
967 2473 1183 2527 imbutus
1202 2515 1217 2538 ,
1248 2487 1301 2527 et
1331 2494 1392 2528 ex
1424 2479 1584 2530 milite

577 2558 729 2610 factus
762 2567 837 2608 est
867 2558 1229 2626 ludimagister,
1269 2561 1348 2612 adi
1373 2561 1578 2616 Sueton.

572 2643 637 2694 de
652 2641 838 2694 Illustr.
859 2641 1208 2697 Grammaticis
1224 2663 1329 2714 cap.
1347 2656 1399 2698 ο.
1416 2645 1584 2712 Quum

570 2736 704 2779 esset
717 2723 962 2789 Orbilius,
986 2739 1042 2780 ut
1066 2729 1235 2782 scribit
1260 2728 1462 2782 Sueton-
1484 2730 1522 2780 1.
1541 2729 1580 2781 l.

574 2810 723 2862 homo
763 2809 961 2862 acer-boe
1000 2824 1203 2865 natum
1218 2851 1235 2876 ‚
1284 2822 1335 2864 et
1376 2813 1584 2882 proinde

574 2910 753 2961 pueros
766 2893 1059 2948 emdiendos
1076 2896 1174 2948 sibi
1192 2897 1398 2948 traditos
1408 2896 1584 2973 acerbe

572 2987 825 3040 tractaret,
854 2977 1110 3040 Horatius,
1132 2980 1232 3046 jam
1255 2981 1502 3048 plagarum
1521 2977 1584 3032 ab

572 3077 633 3113 eo
662 3070 961 3129 acceptarum
996 3059 1281 3113 memoriam
1314 3061 1550 3114 refricans
1563 3100 1580 3130 ‚

572 3161 687 3199 eum
700 3144 974 3214 plagosum
995 3153 1149 3194 vocat.

649 3238 731 3277 τι.
766 3226 981 3281 Exactis
1010 3225 1274 3276 minimam
1310 3221 1582 3288 άὶεεαηεὶα,

570 3308 795 3378 proxime
828 3307 1105 3360 accedentia
1144 3306 1206 3358 ad
1241 3323 1329 3373 ea,
1364 3325 1481 3376 ‚qnae
1523 3311 1586 3362 ad

569 3410 795 3446 normam
830 3393 947 3468 recti
984 3401 1151 3443 exacta
1184 3401 1300 3443 sunt
1320 3427 1335 3458 ,
1372 3407 1487 3458 ergo
1523 3395 1586 3446 ad

568 3477 806 3546 perfecta.

650 3573 735 3613 ⁷3.
782 3562 918 3614 Inter
946 3575 1097 3632 quoe,
1128 3567 1220 3609 etc.
1256 3555 1317 3607 In
1352 3558 1442 3609 hoe
1476 3557 1580 3612 loon

573 3656 673 3698 tam
682 3645 982 3715 explicando,
990 3659 1137 3714 quam
1146 3639 1449 3696 emendando
1462 3641 1585 3694 trus-

566 3739 649 3781 tra
686 3747 739 3782 se
776 3739 1025 3783 torserunt
1052 3726 1219 3796 plures
1257 3724 1548 3793 interpretes
1564 3763 1580 3792 ‚

568 3811 844 3880 Bentleius,
861 3812 1111 3866 Gesnerus
1125 3851 1140 3880 ,
1160 3822 1256 3863 etc.
1275 3810 1385 3862 idco
1402 3847 1418 3877 ,
1438 3818 1579 3878 puto,

570 3892 689 3958 quia
709 3891 897 3946 ducere
923 3905 975 3947 et
1002 3892 1228 3946 vendere
1250 3911 1349 3946 non
1372 3909 1459 3958 ca,
1482 3909 1580 3962 qua

561 3971 819 4026 debebant
836 4011 851 4037 ,
878 3978 1228 4042 significatione
1258 3987 1574 4044 acceperunt.

1651 1642 1869 1694 Sensus:
1901 1643 1946 1695 si
1971 1643 2098 1696 forte
2121 1643 2176 1694 in
2195 1642 2524 1706 ominibus,
2551 1649 2660 1713 φῶ

1653 1727 1849 1794 scripsit
1868 1728 2042 1780 Livius
2059 1767 2074 1795 ‚
2110 1727 2304 1795 elegans
2321 1729 2522 1779 verbum
2543 1766 2558 1794 ,
2583 1725 2660 1780 vel

1655 1827 1782 1862 unus
1813 1821 1865 1863 et
1895 1811 2022 1865 aiter
2045 1829 2215 1864 versus
2237 1811 2523 1866 concinnior
2547 1813 2662 1866 eni·

1653 1893 1781 1962 tuit,
1799 1895 1971 1962 vulgus
1989 1897 2184 1969 injuste
2207 1899 2568 1966 (prater-rem)
2583 1907 2660 1950 to-

1653 1988 1756 2030 tum
1794 1995 1966 2047 poema
2001 1980 2259 2048 pulchrum
2295 1991 2346 2032 et
2375 1982 2662 2036 concinnum

1653 2077 1760 2112 esse
1777 2071 1970 2127 censet,
1995 2072 2047 2113 et
2065 2063 2156 2114 hoc
2174 2065 2374 2114 nomine
2395 2063 2664 2116 laudat.—

1653 2143 1803 2196 Imer
1823 2160 1946 2212 quoe
1969 2144 2104 2195 :efer
2126 2143 2188 2195 ad
2209 2144 2442 2196 camina
2467 2145 2594 2198 Livi
2609 2149 2666 2200 in

1651 2245 1698 2278 v.
1723 2237 1811 2278 69.
1831 2254 1902 2266 --
1919 2226 2154 2286 emicuit,
2187 2243 2279 2294 pm
2302 2227 2488 2294 vulgari
2505 2245 2521 2278 ε
2545 2230 2662 2297 ph—

1647 2308 1748 2362 cuit
1766 2328 1782 2372 ;
1812 2310 2025 2360 επεὶ-οη
2045 2309 2276 2362 dicuntur
2297 2327 2404 2376 res,
2423 2327 2537 2380 quae
2553 2323 2666 2381 pras

1649 2394 1821 2445 ceteris
1853 2393 2234 2460 pulchritudinis
2267 2413 2367 2446 sua,
2395 2397 2668 2464 splendore

1651 2477 1810 2530 oculos
1827 2478 1888 2529 ad
1905 2494 1956 2529 se
1973 2478 2235 2531 advertunt
2247 2517 2261 2542 ‚
2277 2479 2664 2550 inanemque.—

1651 2557 1822 2623 ducit,
1855 2559 2087 2624 aestimat,
2111 2561 2307 2628 judicat
2323 2597 2339 2629 ,
2365 2575 2564 2630 censet;
2591 2565 2662 2618 sic

1655 2659 1784 2711 saepe
1801 2640 2007 2702 ducere,
2033 2653 2090 2696 nt
2105 2644 2284 2697 docent
2303 2645 2482 2698 Lexicn
2502 2665 2518 2710 ;
2540 2645 2657 2698 infr.

1653 2744 1702 2778 v.
1733 2737 1832 2780 εει
1867 2747 1895 2774 α
1915 2727 2102 2796 aliquid
2125 2739 2312 2783 rectum
2332 2730 2506 2782 ducere
2524 2767 2540 2790 ,
2561 2749 2588 2780 a
2612 2735 2665 2781 et

1655 2827 1793 2879 supr.
1823 2811 1928 2862 Sat.
1956 2811 2012 2872 1,
2047 2823 2113 2874 6,
2141 2822 2241 2865 62:
2272 2813 2660 2880 «Magnumhoc

1653 2893 1877 2960 egoduco
1891 2914 1906 2961 3
1921 2914 1948 2942 υ
1965 2891 2291 2964 supplendum
2303 2905 2468 2948 autem
2479 2906 2554 2950 est
2563 2906 2662 2950 om-

1655 2976 1850 3030 nino‘ad
1866 2975 2040 3029 ducit.-
2056 2977 2278 3048 vulgus,
2291 2989 2353 3030 nt
2363 2995 2494 3046 supr.
2508 2997 2555 3031 v.
2573 2991 2660 3042 0⁸1,

1653 3058 1716 3110 ad
1734 3057 1899 3120 cedit,
1942 3069 1994 3111 et
2019 3077 2070 3112 v.
2105 3071 2170 3114 68
2191 3100 2208 3126 ‚
2233 3061 2296 3112 ad
2317 3057 2658 3130 sepibfact't,

1649 3137 1878 3211 judicat.
1895 3171 1966 3180 -
1981 3140 2189 3202 vendit,
2211 3143 2403 3208 laudat,
2419 3159 2661 3194 commen·

1654 3225 1770 3290 dat;
1785 3225 1858 3276 sic
1873 3227 2054 3294 passim
2067 3223 2290 3278 vender-e
2307 3235 2358 3278 et
2366 3223 2661 3291 vendz'iaoe5

1653 3315 1732 3358 est
1757 3307 1892 3358 enim
1923 3309 2215 3363 translatum
2235 3325 2265 3360 a
2287 3308 2666 3376 mercatoribus,

1652 3390 1740 3460 qui
1771 3391 1972 3444 laudant
1997 3403 2050 3445 et
2077 3393 2422 3446 commendant
2455 3407 2668 3461 merem,

1652 3487 1773 3540 quas
1808 3475 2020 3528 vendere
2055 3477 2278 3544 cupiunt.
2314 3473 2425 3530 Cic.
2465 3477 2528 3530 ad
2559 3475 2665 3530 Aa.

1655 3555 1790 3607 XIII
1810 3595 1825 3623 ,
1847 3568 1908 3608 ια
1931 3575 1942 3607 :
1965 3557 2318 3625 «Ligarianam
2337 3559 2668 3629 (orationem)

1653 3641 1881 3707 praeclare
1891 3643 2179 3710 vendidisti,
2191 3663 2218 3692 ι)
2237 3644 2292 3696 h.
2311 3661 2359 3696 e.
2379 3646 2572 3697 utbene
2581 3657 2670 3694 ex-

1655 3721 1804 3791 plicat
1813 3723 2076 3777 Ernestius
2091 3742 2105 3770 ε
2129 3743 2158 3772 α
2173 3725 2444 3786 laudando,
2471 3735 2527 3778 ut
2539 3725 2669 3792 lege—

1653 3818 1792 3860 retur
1809 3809 1876 3860 ab
1892 3808 2183 3860 hominibus
2196 3847 2210 3870 ,
2239 3809 2414 3862 fecisti.
2435 3829 2464 3856 n

1726 3902 1810 3955 76.
1850 3890 2136 3963 Indignor,
2172 3904 2268 3946 etc.
2301 3893 2499 3958 indigne
2527 3891 2672 3954 tero,

1649 3971 1901 4040 indignium
1945 3987 2062 4046 puto
2082 4015 2097 4044 ,
2134 3977 2268 4044 quod
2310 3977 2529 4032 carmina
2564 3993 2674 4032 non
