3000 4684
682 390 791 459 IN
842 390 1405 459 EPISTOLAM
1456 392 1590 461 AD
1638 390 2072 464 PISONES.
2274 396 2402 470 561

346 524 466 581 falli
490 535 663 601 puto:
690 526 945 600 mihique
970 544 1063 582 res
1087 525 1167 583 sic
1191 544 1251 582 se
1276 526 1493 584 habere
1510 528 1754 585 videtur.
1779 530 1860 585 Ut
1877 530 2256 591 Proetextatoe
2278 548 2413 593 sunt

346 622 660 697 Tragoediae
690 623 935 679 Romani
964 623 1315 698 argumenti,
1345 623 1421 680 ita
1456 626 1698 701 Togata·
1723 637 1856 682 sunt
1885 619 2077 684 similis
2103 648 2414 705 argumen-

344 718 568 776 tationis
586 720 928 777 Comoediae:
956 721 1167 795 probat
1199 720 1317 796 ipse
1350 722 1688 791 Diomedes,
1719 742 1898 797 quum
1920 723 2082 781 initio
2099 727 2418 787 Comoedias

342 834 377 870 a
406 818 681 873 Romanis
710 818 791 874 sic
822 818 999 875 dictas
1028 818 1199 875 fuisse
1234 830 1426 888 ποιοῖς
1459 820 1802 894 comprobat
1831 822 1998 877 ctiam
2024 824 2301 881 Varronis
2329 838 2420 883 te-

340 912 686 982 stimonium,
711 914 871 989 quod
890 931 962 971 ex
988 915 1193 972 codem
1216 914 1522 985 Diomede,
1548 935 1670 974 non
1697 936 1839 973 vana
1865 917 2263 989 hai-iulatione,
2283 940 2422 979 con-

335 1008 472 1082 jicio
499 1010 575 1066 ita
602 1022 944 1086 conceptum
964 1011 1167 1083 fuisse,
1191 1023 1257 1067 ut
1278 1014 1338 1069 in
1369 1012 1600 1069 Comico
1627 1032 1834 1089 genere
1856 1016 2101 1091 Togatas
2127 1028 2182 1072 et
2207 1018 2418 1075 Pallia-

342 1112 455 1175 tas,
482 1104 643 1178 quasi
667 1106 891 1161 latinas
917 1116 973 1162 et
998 1108 1253 1173 Graecas,
1278 1105 1393 1162 sihi
1419 1106 1665 1163 invicem
1687 1109 2054 1183 opposuerit;
2079 1111 2322 1168 ostendit
2341 1124 2423 1184 ct,

340 1217 415 1255 ne
440 1198 513 1255 de
539 1200 777 1271 Afranii
807 1202 1041 1277 Togatis
1070 1202 1253 1259 dicam
1268 1242 1285 1271 ,
1311 1201 1537 1259 Horatii
1563 1202 1756 1272 locus,
1783 1221 1956 1277 quem
1981 1204 2190 1278 injuria
2216 1225 2422 1283 repre-

340 1290 540 1349 hendit
566 1294 1003 1352 Grammaticus.
1037 1296 1091 1351 Is
1127 1295 1283 1353 enim
1312 1296 1385 1352 de
1418 1296 1750 1352 Groecorum
1777 1314 2094 1355 nsooema
2122 1311 2179 1356 et
2203 1318 2423 1357 coum-

340 1410 437 1448 nn
466 1406 685 1471 egerat,
719 1406 777 1451 et
804 1406 943 1451 tunc
972 1393 1303 1467 subjunxit:

582 1546 666 1599 Nil
692 1547 975 1619 intentatum
1002 1549 1149 1599 nostn'
1174 1547 1359 1615 liquere
1385 1556 1564 1617 pocta:

583 1638 685 1686 Nec
710 1636 959 1686 minimum
983 1652 1200 1687 meruere
1221 1636 1389 1701 decus,
1411 1635 1603 1703 vestigia
1625 1640 1792 1689 (ἔτει-ι

583 1722 702 1773 Ausi
722 1723 961 1790 deserere,
983 1734 1033 1775 et
1053 1725 1295 1777 celebrare
1319 1722 1574 1775 domestica
1595 1726 1750 1777 sacta:

580 1812 676 1862 Vel
699 1810 782 1877 qui
799 1822 1083 1881 praetextas,
1100 1813 1181 1865 vel
1200 1813 1285 1880 qui
1306 1813 1514 1865 docuere
1535 1823 1737 1882 togatas.

413 1974 549 2030 Non
589 1975 783 2050 potuit
821 1975 1095 2033 Horatius
1136 1977 1538 2035 Romanorum
1577 1976 1940 2053 Tragoediam
1978 1987 2036 2033 et
2065 1974 2416 2035 Comoediam

333 2074 585 2149 apertius
624 2074 1007 2151 distinguere:
1048 2094 1239 2151 neque
1272 2076 1415 2133 adeo
1451 2076 1697 2133 validius
1736 2094 1853 2133 esse
1881 2086 2068 2150 potest
2098 2094 2412 2151 argumen-

332 2180 489 2241 tum,
526 2190 646 2245 quo
692 2173 973 2249 Togatam
1014 2174 1254 2249 proprie
1295 2174 1368 2231 de
1406 2174 1742 2242 Comoedia,
1776 2190 1900 2229 non
1931 2190 2073 2232 vcro
2111 2172 2183 2229 de
2213 2175 2412 2247 quavis

309 2266 529 2337 sabula
560 2270 856 2339 Romana,
891 2270 1317 2346 intelligendam
1346 2272 1568 2329 doceas.

407 2368 537 2425 Iam
569 2388 745 2441 vero,
782 2370 885 2427 etsi
916 2370 1063 2427 illud
1098 2372 1445 2447 1bgatarum
1474 2388 1696 2429 nomen
1725 2388 1844 2427 non
1873 2370 2017 2427 adeo
2049 2371 2162 2428 late
2191 2381 2410 2445 pateat,

328 2474 395 2519 ut
428 2474 487 2519 et
515 2465 903 2523 Proeteoeeatas
930 2469 1219 2525 contineat
1234 2508 1251 2537 ,
1292 2481 1481 2526 tamen
1519 2487 1644 2525 non
1679 2466 1898 2524 infitior
1937 2468 2102 2543 lapsu
2137 2468 2412 2543 temporis

330 2561 563 2637 Togatis
583 2562 865 2619 accenseri
881 2564 1113 2639 coepisse
1138 2565 1277 2623 aiiss
1294 2567 1550 2623 Comicas
1566 2568 1966 2623 Romanorum
1981 2564 2203 2622 fabulas
2220 2586 2234 2621 ε
2263 2584 2412 2641 prae-

326 2658 495 2733 cipue
536 2657 919 2715 Tuber-nanus
932 2698 953 2725 ‚
985 2658 1219 2734 Togatis
1250 2662 1510 2735 propriis
1535 2661 1740 2717 similes
1767 2662 2030 2734 quidem,
2055 2660 2274 2718 vilioris
2305 2680 2406 2718 ar·-

328 2755 599 2833 gumenti.
626 2754 739 2813 Sed
764 2754 859 2812 vel
886 2754 1017 2813 ideo
1044 2756 1510 2832 distinguendum
1530 2757 1716 2813 fuerat
1731 2758 1880 2813 inter
1900 2758 2407 2834 Togataspropn‘e

326 2852 533 2919 dicetis,
548 2850 756 2925 quibus
778 2849 1126 2907 honestioris
1148 2850 1367 2908 ordinis
1386 2869 1648 2927 personae
1671 2850 1935 2917 inductae,
1955 2860 2011 2905 ct
2030 2850 2134 2906 has
2155 2852 2406 2926 Togatae

336 2949 735 3005 Tabernae-ias.
759 2948 1007 3005 Gravius
1031 2947 1263 3022 quidem
1288 2950 1524 3024 Togatis
1550 2958 1948 3023 argumentum
1971 2946 2298 3005 remansisse
2323 2947 2404 3004 si-

325 3046 559 3125 gnificat
588 3050 835 3117 Seneca,
862 3046 1038 3123 Epist.
1053 3048 1190 3105 vm
1208 3068 1225 3105 z
1246 3072 1273 3101 ιι
1300 3052 1487 3120 Quam
1517 3048 1697 3105 multa
1727 3056 1910 3123 poetae
1941 3044 2171 3114 dicunt,
2203 3064 2334 3119 quae
2366 3066 2400 3103 a

322 3145 681 3222 philosophis
720 3156 819 3202 rut
859 3144 1097 3203 dicenda
1112 3185 1132 3214 ,
1167 3157 1267 3203 aut
1300 3146 1451 3205 dicta
1480 3157 1628 3203 sunt.
1661 3147 1795 3201 Non
1825 3143 2100 3218 attingam
2125 3143 2402 3218 tragicos,

323 3251 423 3296 aut
461 3241 715 3317 Togasas
742 3251 999 3299 nostras:
1034 3240 1251 3298 habent
1280 3242 1433 3298 enim
1455 3241 1546 3297 hae
1571 3256 1806 3315 quoque
1841 3236 2060 3312 aliquid
2094 3237 2402 3295 severitatis
2477 3234 2488 3245 ’

324 3346 381 3393 et
413 3348 547 3394 sunt
580 3338 731 3396 inter
762 3338 1069 3395 comoedias
1104 3348 1163 3395 et
1191 3337 1493 3413 tragoedias
1531 3336 1745 3394 mediae.
1781 3337 2072 3407 Quantum
2101 3333 2403 3391 disertissi-

320 3452 553 3491 morum
577 3454 847 3495 versuum
876 3436 1027 3495 inter
1052 3436 1255 3493 mimos
1274 3436 1465 3509 jacet?
1486 3460 1512 3487 n
1549 3436 1625 3491 Et
1649 3432 1880 3510 Togatis
1913 3450 2100 3507 porro
2132 3431 2402 3490 videntur

321 3534 689 3589 annumerari
729 3535 961 3611 coepissc
1000 3536 1309 3591 Atoeuanoe
1348 3544 1406 3591 et
1444 3532 1830 3608 Planipedioe.
1860 3529 2032 3587 Ratio
2071 3529 2362 3587 manifesta
2384 3549 2402 3585 τ

320 3625 456 3699 quia
486 3636 543 3681 et
571 3626 663 3683 his
693 3628 959 3685 omnibus
982 3631 1311 3685 Romanum
1337 3637 1753 3703 argumentum.

398 3724 547 3780 Hinc
573 3734 739 3781 ortus
760 3726 1053 3784 Diomedis
1078 3742 1265 3795 error,
1282 3725 1445 3801 quasi
1460 3725 1542 3783 sic
1560 3706 1926 3782 ratiocinatus
1943 3735 2109 3783 esset:
2125 3750 2150 3777 α
2161 3727 2394 3802 Togata:

318 3831 379 3878 ct
418 3820 735 3879 Proetextoe
782 3834 1041 3899 utraeque
1091 3834 1490 3901 argumentum
1539 3825 1866 3880 Romanum
1911 3832 2172 3880 tractant.
2219 3822 2397 3898 Atqui

328 3918 505 3995 Togce
533 3921 745 3995 species
770 3931 853 3977 est
877 3921 1173 3979 Praetexta
1209 3923 1387 3999 Toga.
1414 3923 1572 3998 Ergo
1604 3922 1798 3979 sabula
1829 3923 2056 3997 Togata
2081 3920 2154 3977 de
2185 3940 2396 3997 gmere

318 4014 553 4087 dicitur;
584 4018 841 4093 Togata,
863 4018 1165 4075 Proeteaeta
1192 4018 1360 4098 (nam
1393 4018 1471 4077 sic
1508 4038 1600 4076 eas
1631 4014 1866 4095 vocat),
1893 4017 1967 4074 de
1995 4016 2198 4093 specie.
2223 4042 2248 4068 n
2281 4019 2398 4090 Qui

317 4128 487 4170 error
512 4132 581 4171 eo
613 4114 837 4174 facilior
861 4132 978 4173 esse
1004 4116 1221 4191 potuit,
1242 4116 1403 4194 quod
1424 4116 1661 4177 fortasse
1687 4117 2143 4194 crepidatamm,
2166 4115 2226 4173 in
2247 4116 2396 4175 Tra-

466 4224 581 4263 ιοι.
610 4228 665 4263 n.
2009 4210 2102 4283 36
