3000 4684
536 391 624 483 xij
871 387 1003 454 DE
1053 385 1492 455 ORIGINE
1540 387 1663 454 ET
1710 387 2302 460 PROGRESSU

537 549 662 597 cos
699 523 914 596 ludos
962 524 1413 620 ignorarent,
1459 546 1630 594 casu
1677 523 1855 595 dum
1902 524 2054 596 dies
2108 525 2321 598 festos
2364 552 2493 624 per
2530 530 2627 602 li·-

366 645 372 662 '
415 687 428 698 -
537 641 850 712 centiam
879 655 950 710 et
972 636 1334 710 lasciviam
1361 639 1735 734 agitarent,
1763 640 1841 711 in
1862 663 2111 713 versus
2134 646 2625 718 Fescenninos

537 772 608 829 et
637 759 1010 830 Saturnios
1041 757 1481 846 inciderunt,
1502 758 1628 854 qui
1658 772 1908 853 postea
1935 759 2013 829 in
2040 761 2276 831 scenis
2304 785 2433 858 per
2456 787 2624 835 cen-

536 889 692 946 tum
735 890 806 946 et
849 876 1102 970 viginti
1149 874 1294 946 sere
1340 898 1577 946 anuos
1620 873 1865 946 locum
1911 901 2125 964 suum
2172 880 2381 950 tutati
2424 896 2619 952 sunt.

629 999 951 1064 Fuerunt
1000 993 1117 1064 isti
1161 1015 1410 1064 versus
1457 993 1775 1089 impoliti
1820 1009 1891 1064 et
1926 1019 2183 1092 parum
2220 1000 2619 1081 numerosi,

535 1124 786 1208 utpote
841 1107 1242 1200 subitanei,
1289 1123 1366 1192 et
1413 1132 1456 1177 a
1512 1108 1790 1207 populo
1844 1109 1984 1180 fusi
2037 1109 2275 1183 adhuc
2330 1114 2493 1185 rudi
2548 1129 2621 1184 et

525 1225 826 1322 agresti,
861 1225 1132 1322 quique
1169 1248 1324 1295 non
1363 1222 1585 1294 alium
1626 1225 2044 1319 magistrum
2084 1243 2365 1319 nosset,
2402 1253 2619 1325 quam

530 1347 860 1416 Cererem
887 1355 959 1412 et
983 1339 1364 1412 Bacchum.
1400 1345 1559 1412 Hoc
1586 1366 1814 1436 genus
1850 1343 2185 1416 carminis
2220 1343 2620 1442 implebant

529 1457 1023 1532 cavillationes
1043 1474 1116 1530 et
1139 1457 1537 1556 opprobria
1565 1460 1853 1551 rustica,
1870 1459 2215 1534 adhibitis
2246 1449 2617 1558 gesticula-

529 1577 858 1649 tionibus
895 1591 968 1647 et
1001 1575 1504 1648 saltationibus
1549 1576 1894 1650 ridiculis.
1931 1583 2108 1650 Rem
2139 1578 2524 1676 intelliges,
2555 1582 2616 1652 si

528 1692 630 1766 ob
662 1693 914 1766 oculos
953 1691 1084 1769 tibi
1116 1681 1483 1790 proponas
1526 1691 1765 1764 bonos
1808 1693 1900 1764 de
1941 1718 2125 1791 pago
2172 1695 2359 1766 viros
2398 1699 2615 1768 rusti·-

523 1836 776 1885 corum
831 1835 1032 1882 more
1085 1809 1464 1901 saltanteS,
1518 1835 1672 1882 sese
1728 1827 1985 1884 mutuo
2040 1815 2613 1911 extemporaneis

522 1929 872 2002 conviciis
915 1930 1388 2017 insectantes,
1429 1951 1654 2024 eaque
1697 1927 1773 1998 in
1824 1929 2017 2000 vices
2059 1929 2611 2026 exprobranteS,

519 2069 832 2142 quorum
855 2042 1038 2113 alius
1065 2040 1187 2113 alii
1215 2044 1488 2115 conscii
1522 2058 1715 2115 sunt.
1738 2047 1894 2116 Hoc
1919 2060 2029 2116 est
2054 2044 2256 2141 quod
2276 2048 2611 2118 Horatius

523 2161 721 2250 dicit,
753 2159 974 2256 Epist.
1001 2161 1084 2248 11,
1117 2182 1176 2250 1,
1203 2157 1374 2244 145:
1402 2189 1437 2225 α
1456 2160 1904 2232 Fescennina
1930 2184 2061 2257 per
2089 2159 2290 2232 hunc
2318 2160 2610 2235 inventa

521 2276 814 2348 licentia
857 2297 1136 2345 morem
1183 2273 1521 2346 Versibus
1568 2275 1863 2347 alternis
1908 2273 2301 2372 opprobria
2346 2280 2609 2352 rustica

521 2391 788 2464 fudit.»
820 2389 1200 2460 Infraenam
1237 2388 1427 2462 hanc
1466 2405 1540 2461 et
1578 2391 2057 2487 impotentem
2090 2389 2453 2464 licentiam
2485 2420 2607 2466 ex-

519 2509 711 2607 cepit
756 2531 906 2579 non
947 2508 1047 2578 ita
1085 2519 1254 2603 post
1291 2506 1476 2579 alius
1512 2507 1795 2603 generis
1828 2531 2159 2598 carmen,
2194 2510 2604 2605 castigatius

517 2626 815 2724 quidem
841 2622 1057 2716 illud,
1086 2623 1216 2694 sed
1243 2624 1589 2696 refertum
1610 2623 1826 2695 etiam
1844 2623 2163 2695 dicteriis
2190 2624 2279 2696 ad
2310 2651 2606 2700 moven-

519 2745 697 2816 dum
731 2742 958 2812 risum
986 2741 1446 2836 comparatiS,
1481 2737 1684 2835 quod
1720 2751 1959 2808 tamen
1990 2736 2172 2809 nihil
2212 2742 2601 2838 turpitudi-

517 2861 632 2932 nis
665 2857 1072 2930 admiserit:
1103 2857 1508 2953 comparuit
1540 2855 1685 2926 hoc
1717 2879 2003 2927 carmen
2035 2853 2174 2926 sub
2198 2858 2441 2930 Satirae
2462 2884 2600 2932 no-

513 2978 713 3049 mine
744 2973 842 3048 ob
876 2973 1289 3078 varietatem
1315 2994 1551 3059 suam3
1579 2995 1742 3067 quae
1775 2970 2073 3068 quidem
2112 2972 2336 3043 Satira
2366 2988 2599 3047 certos

505 3094 760 3168 habuit
795 3089 1075 3178 modos,
1111 3089 1188 3160 id
1221 3103 1360 3177 est,
1393 3090 1757 3160 musicum
1784 3103 1855 3160 et
1882 3105 2405 3185 congruentem
2439 3117 2597 3164 mo·

512 3227 705 3304 tum,
744 3207 1072 3304 relegatis
1099 3203 1418 3300 gestibus
1443 3207 1689 3278 minus
1714 3205 2063 3280 honestis.
2092 3208 2291 3278 Titus
2319 3209 2597 3300 Livius,

506 3327 635 3400 lib.
670 3330 824 3416 vll,
854 3348 1008 3421 cap.
1049 3348 1088 3391 2
1121 3346 1138 3390 :
1178 3321 1646 3395 «vernaculis
1678 3323 2105 3416 artificibuS,
2145 3325 2317 3421 quia
2346 3323 2603 3396 'His-ter

504 3451 735 3518 Tusco
785 3439 1005 3522 verbo
1045 3435 1286 3512 Ludio
1339 3439 1763 3530 vocabatur,
1811 3465 2079 3512 nomen
2124 3438 2600 3512 hats-trionibus

509 3562 848 3650 inditum,
868 3556 996 3654 qui
1025 3581 1206 3649 non,
1231 3559 1423 3630 sicut
1445 3573 1641 3649 ante,
1665 3559 2120 3630 Fescennino
2147 3581 2357 3628 versu
2390 3557 2593 3628 simi-

499 3684 648 3756 lem
683 3680 1254 3777 incompositum
1296 3695 1565 3751 temere
1608 3705 1692 3752 ac
1738 3680 1993 3751 rudem
2034 3678 2331 3750 alternis
2364 3679 2591 3774 jacie-

431 3875 446 3884 ,
497 3801 712 3889 bant,
751 3796 883 3869 sed
929 3797 1257 3896 impletas
1297 3797 1535 3870 modis
1580 3800 1879 3884 Sauras,
1919 3799 2283 3894 descripto
2313 3799 2463 3894 jam
2496 3797 2591 3868 ad

498 3914 877 3988 tibicinem
910 3930 1164 4008 cantu,
1203 3929 1555 4010 motuque
1597 3915 2026 4009 congruenti
2064 3911 2527 4011 peragebant.
2551 3941 2587 3977 n
