3000 4684
544 368 683 443 550
1322 368 1844 437 EXCURSUS

536 505 696 562 modi
721 524 955 573 versus,
990 525 1119 561 cum
1148 524 1361 581 magno
1386 503 1778 579 spondeorum
1803 503 1898 559 vel
1923 514 2344 578 anapoestorum
2364 502 2630 577 pondere

537 623 599 659 m
630 621 863 659 scenam
896 604 1107 659 missus
1120 643 1141 671 ,
1187 604 1403 679 premit
1428 602 1772 677 scriptorem
1805 610 1908 657 aut
1941 600 2176 657 incuriae
2219 598 2457 656 crimine
2471 638 2491 667 ‚
2527 610 2628 655 ant

534 698 892 775 ignorantiae.
921 700 1139 755 Verum
1170 698 1403 773 quidem
1437 700 1554 755 hoc
1587 710 1709 756 est:
1753 718 1876 755 non
1913 709 2103 755 tamen
2136 696 2486 773 ignorantia,
2525 696 2632 753 sed

532 796 876 872 negligentia
922 807 981 853 et
1022 814 1123 873 spe
1151 798 1333 853 veniae
1360 796 1678 872 peccabant
1714 804 1949 853 vetera.
1977 797 2174 866 Quum
2203 795 2358 852 enim
2388 793 2632 849 Latinus

532 912 722 951 sermo
754 894 1052 969 pauciores
1075 894 1288 951 habeat
1311 894 1518 951 breves
1541 892 1787 970 syllabas
1802 932 1819 961 ‚
1845 911 2019 967 quam
2042 895 2304 949 Graecus:
2325 892 2426 967 qui
2451 891 2630 966 primi

534 998 733 1051 Graeca
758 1006 1086 1066 verterunt,
1111 996 1312 1052 labore
1332 1006 1391 1051 et
1414 994 1751 1053 difficultate
1775 994 1980 1063 territi,
2007 994 2288 1069 simulque
2317 1004 2376 1049 et
2399 1002 2630 1068 speeta-

536 1104 733 1149 torum
780 1092 1063 1168 imperitia
1107 1090 1349 1149 fidentes
1376 1103 1549 1167 atque
1589 1090 1912 1160 abutentes,
1962 1092 2244 1167 spondeos
2275 1090 2482 1166 passim
2511 1108 2630 1165 pro

532 1190 743 1246 lambis
760 1190 1133 1259 intruserunt.
1146 1192 1457 1265 Quumque
1474 1188 1534 1245 in
1556 1208 1622 1247 re
1645 1208 1800 1247 nova
1821 1206 1994 1247 nemo
2021 1200 2162 1247 esset
2183 1188 2286 1264 qui
2311 1188 2628 1245 correctius

532 1286 841 1357 scriberet3
872 1288 991 1343 sine
1026 1286 1454 1362 comparatione
1479 1286 1882 1363 pulchriorum
1919 1286 2010 1343 vel
2051 1284 2334 1343 deformia
2357 1284 2458 1341 ills
2494 1283 2630 1345 sat'n

532 1384 777 1459 pulchra
803 1383 1163 1455 videbantur,
1194 1408 1219 1435 α
1240 1384 1316 1440 Et
1338 1384 1471 1440 data
1494 1384 1772 1441 Romanis
1809 1383 1973 1441 venia
1999 1393 2084 1439 est
2117 1382 2354 1459 indigua
2379 1380 2580 1457 poetis.
2597 1404 2625 1433 s

532 1480 733 1537 Postea
760 1491 950 1536 tamen
980 1478 1088 1535 sub
1116 1480 1343 1537 Horatii
1366 1491 1554 1549 aetate,
1588 1498 1772 1555 quum
1800 1483 2000 1537 Graeca
2023 1480 2230 1555 passim
2267 1480 2330 1535 in
2361 1477 2627 1535 manibus

531 1596 651 1635 esse
682 1589 983 1653 coepcrunt
994 1619 1013 1647 ,
1054 1596 1175 1633 nou
1222 1577 1463 1635 ulterius
1500 1578 1674 1654 aequis
1721 1578 1957 1635 auribus
2001 1576 2428 1653 accipiebantur
2461 1575 2630 1632 tarde

533 1675 826 1733 volventes
842 1675 1113 1751 spondei,
1138 1676 1239 1751 sed
1260 1678 1442 1734 coacti
1457 1688 1592 1735 sunt
1608 1689 1794 1754 poete
1817 1678 1891 1735 ad
1917 1678 2057 1735 artis
2073 1676 2260 1753 legem
2277 1688 2336 1735 et
2357 1694 2626 1734 normam

538 1774 881 1829 Graecorum
902 1773 1253 1831 modulatius
1282 1772 1551 1831 scribere.
1565 1775 1742 1847 Quod
1761 1790 1946 1850 quum
1974 1792 2048 1831 ex
2066 1776 2294 1831 Seneca·
2307 1772 2630 1849 ngoediis

529 1870 650 1955 jam
677 1870 807 1927 licet
836 1888 1215 1945 cognoscere,
1260 1882 1383 1928 tum
1424 1890 1499 1930 ex
1523 1873 1878 1949 Fragmentis
1917 1890 2048 1946 quae
2088 1890 2163 1928 ex
2185 1871 2408 1940 ovidii,
2433 1870 2628 1940 Varii,

536 1966 901 2041 Gracchique
920 1968 1151 2025 Fabulis
1170 1968 1349 2027 hodie
1372 1981 1698 2047 supersunt.
1721 1970 1980 2039 Ovidius,
2001 1970 2222 2039 Medea,
2249 1969 2405 2045 apud
2425 1968 2630 2039 Quint.

530 2064 693 2133 VIII,
714 2062 766 2121 5:
780 2090 803 2115 α
820 2067 1065 2122 Servare
1082 2067 1265 2141 potui,
1288 2068 1533 2143 perdere
1549 2086 1626 2124 an
1643 2068 1858 2143 possim
1875 2068 2081 2144 rogas?
2099 2068 2347 2143 nVarinz,
2358 2066 2631 2142 Thyeste,

534 2160 671 2218 ibid.
690 2162 802 2231 111,
826 2162 863 2219 8
888 2182 903 2217 :
924 2188 949 2212 α
972 2202 1014 2217 ..
1033 2204 1047 2217 .
1063 2163 1193 2221 Jam
1212 2161 1337 2221 fero
1362 2164 1780 2235 infandissima,
1808 2165 1936 2221 Ja1n
1955 2164 2140 2223 facere
2163 2182 2362 2239 cogor.
2384 2188 2411 2213 ι
2435 2165 2634 2220 Gne—

535 2257 704 2327 chus,
739 2258 1017 2333 Thyeste,
1045 2260 1203 2335 apud
1237 2261 1623 2329 Priscianum‚
1644 2262 1726 2315 VI
1747 2300 1765 2330 ‚
1797 2281 1856 2338 p.
1893 2280 2086 2337 7192·
2107 2260 2304 2317 Mersit
2327 2260 2634 2333 sequentis

536 2358 840 2415 humidum
878 2360 1101 2435 plantas
1132 2361 1394 2418 humum.
1412 2386 1438 2413 ιο
1464 2363 1553 2419 Ita
1592 2364 1896 2438 legendum
1921 2362 2190 2432 arbitror,
2220 2378 2348 2416 nou
2373 2362 2632 2436 plantis.

538 2444 787 2511 Humum
806 2455 1189 2515 nominativus
1212 2468 1323 2525 est,
1352 2459 1580 2533 generis
1604 2460 1879 2516 neutrius.
1899 2450 2080 2525 Idem,
2097 2457 2381 2525 Atalanta,
2407 2456 2627 2516 ibidem

536 2574 593 2629 p.
626 2552 771 2611 683:
802 2555 897 2611 «Ο
924 2567 1089 2631 grata
1108 2556 1286 2613 cardo
1302 2596 1319 2625 ‚
1350 2556 1576 2631 regium
1601 2574 1892 2633 egressum
1923 2556 2194 2613 indicans.
2216 2579 2243 2603 u
2263 2554 2344 2611 Hi
2361 2552 2630 2622 trimetri,

538 2650 641 2727 qui
670 2651 779 2707 soli
806 2672 964 2709 nunc
996 2664 1211 2711 restant
1240 2672 1311 2711 ex
1337 2654 1583 2710 Horatio
1609 2654 1954 2731 supparibus
1981 2652 2250 2729 Tragicis,
2281 2650 2632 2709 exactissime

538 2760 765 2805 servant
808 2751 959 2826 leges
984 2752 1355 2821 Graecorum3
1382 2762 1451 2808 ut
1474 2770 1546 2809 ex
1574 2751 1664 2807 his
1705 2751 1779 2809 de
1805 2732 2040 2827 integris
2064 2749 2292 2807 Fabulis
2317 2750 2471 2809 idem
2501 2748 2626 2806 cxi-

538 2847 766 2905 stimate
791 2846 973 2903 liceat.
1007 2846 1179 2905 Vides
1198 2846 1351 2920 jam,
1380 2846 1610 2922 opinor,
1642 2848 1857 2905 claram
1881 2848 2274 2922 liquidamque
2303 2864 2422 2903 eme
2451 2860 2628 2919 qum

539 2944 798 3002 dedimus
824 2944 1310 3014 emendationem,
1341 2972 1366 2995 ι
1386 2946 1455 3001 Ιιι
1481 2962 1708 3002 scenam
1739 2946 1950 3002 missus
1975 2962 2104 3001 cum
2135 2962 2352 3020 magno
2369 2942 2630 3018 pondere

539 3059 753 3099 versus.
776 3064 803 3091 υ
830 3041 949 3097 Ubi
974 3040 1207 3117 insuper
1232 3060 1363 3097 cum
1389 3060 1604 3119 magno
1629 3044 1888 3117 pondere
1931 3060 2004 3097 ex
2033 3040 2300 3098 omnibus
2329 3038 2547 3115 scriptis
2571 3048 2632 3095 et

538 3142 773 3212 nostris,
798 3150 855 3197 et
870 3142 1203 3198 Bersmanni
1222 3140 1574 3200 adscivimus.
1601 3142 1802 3199 Mnus
1826 3143 1970 3199 scite
1995 3143 2242 3209 codiscs,
2263 3156 2394 3195 cum
2417 3156 2628 3213 magno

530 3240 814 3313 pondere,
837 3238 1024 3313 inquit
1042 3240 1449 3307 Bersmannus:
1468 3258 1594 3297 non
1607 3240 1852 3297 advertit
1867 3238 2077 3297 scilicet
2101 3250 2161 3295 et
2185 3238 2321 3295 alias
2346 3237 2424 3293 sic
2439 3235 2630 3291 solere

540 3336 813 3413 Nostrum
842 3334 1002 3413 (vide
1033 3338 1213 3394 Serm.
1235 3337 1291 3404 Ι,
1324 3354 1413 3409 ιο,
1438 3354 1493 3393 v.
1519 3335 1646 3416 49),
1691 3348 1748 3393 et
1782 3336 1882 3397 hic
1907 3337 2194 3395 Venerem
2229 3333 2534 3409 quamdam
2565 3331 2628 3387 in

540 3432 663 3507 ipsa
684 3433 1155 3507 pronuntiatione
1184 3432 1375 3493 studio
1401 3435 1692 3509 quesitam
1729 3452 1882 3493 esse:
1921 3434 2062 3491 Cum
2093 3450 2312 3509 magno
2329 3430 2628 3507 pondere,
2615 3449 2630 3463 ·

542 3546 671 3601 quae
700 3528 839 3585 dum
865 3528 1093 3604 profers
1110 3568 1128 3599 ‚
1156 3531 1346 3605 ipsum
1368 3530 1517 3588 illud
1543 3528 1774 3607 pondus
1803 3543 1862 3587 et
1885 3530 2038 3588 lente
2062 3527 2420 3587 ambulantes
2445 3544 2630 3602 spon-

543 3628 681 3685 deos
712 3648 853 3686 voce
880 3640 937 3685 et
959 3630 1165 3705 spiritu
1200 3632 1576 3708 persentiscis.
1620 3632 1836 3707 Lapsus
1860 3642 2050 3687 autem
2081 3627 2335 3704 graviter
2364 3636 2450 3683 est
2475 3624 2634 3701 opti-

542 3742 671 3783 mus
696 3727 983 3784 Victorius
1008 3728 1083 3785 ad
1102 3728 1393 3787 Ciceronis
1412 3732 1566 3787 Fam.
1570 3730 1642 3797 V,
1667 3748 1722 3797 a,
1747 3728 1852 3785 ubi
1871 3746 1942 3785 ex
1963 3722 2358 3801 manuscriptis
2387 3721 2633 3795 quibus-

542 3822 674 3879 dam
714 3824 921 3901 reponi
959 3826 1055 3883 hic
1094 3825 1341 3899 juben«
1359 3869 1373 3884 .
1398 3826 1589 3884 ...hic
1629 3837 1687 3883 et
1725 3828 1786 3883 in
1829 3828 1968 3885 Acci
2005 3824 2316 3881 Mobilibus
2353 3817 2634 3877 nimetr‘u

544 3934 783 3993 apparet
808 3940 977 3979 rarus
1002 3934 1059 3980 et
1088 3924 1257 3980 Enni.
1284 3950 1309 3975 n
1334 3922 1798 3981 Nihiljnfelieius
1825 3924 1940 3981 dici
1969 3922 2176 3999 potuit.
2211 3918 2348 3977 Esto
2379 3914 2530 3973 enim
2561 3926 2636 3971 ut

544 4017 729 4085 lambi
746 4022 863 4078 sive
890 4021 1185 4093 Trimetri,
1206 4023 1307 4079 ubi
1330 4024 1467 4099 puri
1483 4035 1641 4094 sunt,
1667 4022 1780 4089 citi,
1801 4022 2030 4089 celeres,
2057 4018 2326 4084 mobiles,
2349 4022 2638 4089 prepetess

544 4114 907 4187 appellentur
922 4139 939 4173 ε
962 4130 1018 4175 at
1040 4118 1131 4175 hic
1152 4118 1377 4195 utique,
1402 4121 1504 4179 ubi
1527 4139 1696 4177 rarus
1713 4120 1816 4177 iste
1834 4136 1936 4195 pes
1949 4118 2266 4177 Trimetros
2293 4108 2634 4188 ingreditur,
