3000 4684
776 410 887 481 IN
939 410 1513 479 EPISTOLAM
1561 412 1695 479 AD
1741 411 2176 482 PISONES.
2381 414 2518 512 509

436 544 781 620 illepideque
794 582 812 611 ‚
860 562 933 599 an
978 542 1349 601 mediocriter
1395 542 1775 618 expresserit?
1821 544 1998 618 Atqui
2035 546 2098 601 in
2137 548 2522 623 exprimendis

436 641 725 717 unguibus
757 642 1162 716 pta-stantiam
1202 640 1442 713 anfficit‘
1474 640 1570 696 hic
1602 642 2045 699 commemorari
2059 681 2077 710 ,
2109 644 2200 699 vel
2237 644 2526 703 sententiat

440 737 687 794 redditio
714 736 887 794 fidem
916 738 1073 806 facit,
1104 737 1207 795 ubi
1234 756 1309 794 ex
1335 738 1578 795 adverso
1611 737 1778 812 ponit
1807 738 1868 794 in
1899 738 2239 813 quibusdam
2265 746 2527 819 corporis

438 834 697 908 partibus
698 834 925 907 forma-.-
946 836 1363 903 excellentiam,
1388 859 1413 886 σι
1436 834 1822 909 Spectandum
1843 836 2026 911 nigris
2043 837 2222 895 oculis
2241 840 2526 916 nigroque

440 930 667 1003 capillo.
692 954 717 978 u
743 931 1011 987 Ceterum
1040 948 1187 986 unus
1212 930 1365 987 clare
1390 930 1624 987 exhibet
1650 930 1832 987 codex
1861 933 2230 1003 oxoniensis,
2257 936 2358 1009 qui
2382 938 2528 1013 Dig-

440 1026 657 1085 heanus
683 1039 954 1098 vocatur3
982 1040 1039 1085 et
1069 1047 1103 1083 a
1134 1028 1321 1105 prima
1348 1048 1550 1097 manu,
1577 1040 1757 1103 prout
1780 1047 1853 1085 ex
1871 1030 2046 1087 litura
2072 1034 2354 1105 conjicere
2372 1035 2530 1104 licet,

444 1129 777 1214 Graeyianus
808 1140 865 1185 et
890 1130 1083 1205 Regiae
1111 1130 1419 1186 societatis.
1454 1130 1532 1183 Et
1555 1128 1632 1185 sic
1655 1146 1890 1203 quoque
1916 1130 2106 1187 locum
2127 1132 2260 1188 citat
2285 1134 2534 1191 loannes

442 1225 879 1283 saresberiensis
906 1226 1242 1301 praefatione
1262 1226 1397 1283 libri
1416 1226 1514 1281 VI.
1542 1226 1780 1281 Viderat
1806 1226 1964 1283 hunc
1993 1228 2340 1287 Theodorus
2363 1232 2530 1287 Mar-

442 1320 630 1377 eilius:
654 1322 770 1377 Sed
786 1324 1011 1391 melius,
1028 1323 1231 1396 inquit,
1255 1325 1423 1377 imus.
1444 1322 1532 1377 Ita
1548 1322 1806 1395 quidem:
1827 1324 1874 1379 si
1874 1323 2062 1396 faber
2073 1345 2218 1383 unus
2229 1327 2378 1384 idem
2395 1340 2537 1385 esset

442 1418 699 1488 acfaber
720 1421 949 1496 aliquis.
976 1420 1091 1479 Sed
1120 1420 1463 1496 elegantiam
1487 1418 1646 1476 vocis
1657 1437 1793 1476 ‘non
1821 1432 2108 1478 assecutus
2131 1432 2230 1479 est.
2263 1424 2476 1480 Buta-1..

1074 1680 1411 1741 Excunsus
1438 1679 1557 1753 111,
1588 1698 1754 1741 vers.
1789 1677 1897 1739 45.

628 1830 770 1893 Hoc
807 1836 1001 1905 amet,
1038 1828 1157 1891 hoc
1190 1840 1436 1917 spernat
1461 1828 1770 1916 promissi
1798 1828 2086 1891 carminis·
2119 1841 2355 1891 auctor.

528 1998 791 2057 Difficilis
818 2001 1007 2069 locus,
1036 2002 1252 2075 quique
1282 2000 1503 2075 integer
1525 2001 1740 2076 apponi
1765 2000 1961 2070 debet,
1995 2012 2060 2056 ut
2089 2000 2408 2058 accuratius
2433 2018 2538 2056 ex·-

451 2097 735 2154 cutiatur:
766 2122 789 2149 ιι
814 2096 1050 2156 Ordinis
1080 2098 1203 2155 haee
1240 2097 1427 2153 virtus
1458 2098 1570 2153 erit
1599 2108 1654 2153 et
1679 2099 1902 2165 Venus,
1941 2108 2041 2158 aut
2079 2116 2186 2172 ego
2219 2096 2419 2166 fallor,
2457 2098 2542 2153 Ut

443 2194 565 2269 jam
588 2214 741 2252 nunc
772 2196 923 2252 dicat
942 2194 1065 2267 jam
1092 2214 1247 2251 nunc
1274 2194 1538 2253 debentia
1559 2196 1704 2262 dici;
1732 2196 2011 2268 Pleraque
2030 2194 2284 2262 differat,
2309 2205 2364 2250 et
2381 2212 2540 2269 proe-

449 2309 577 2349 sens
606 2290 661 2347 in
694 2302 917 2367 tempus
952 2292 1201 2360 omittat3
1230 2292 1357 2347 Hoc
1388 2301 1568 2361 amet,
1599 2291 1712 2348 hoc
1732 2302 1967 2366 spernat
1985 2290 2252 2365 promissi
2273 2290 2544 2347 carminis

448 2398 666 2445 auctor.
695 2390 763 2444 ln
786 2388 977 2445 verbis
997 2388 1164 2445 etiam
1191 2388 1372 2445 tenuis
1394 2400 1708 2463 cautusque
1732 2388 2012 2455 serendis,
2041 2387 2266 2444 Dixeris
2285 2388 2510 2463 egregie
2524 2426 2540 2455 ,
2586 2376 2592 2383 ⁵

450 2496 655 2541 notum
691 2486 739 2541 si
768 2486 971 2543 callida
1013 2487 1257 2542 verbum
1296 2486 1637 2543 Reddiderit
1671 2486 1944 2559 junctura
1983 2504 2218 2543 novum.
2251 2497 2291 2536 υ·
2318 2484 2540 2541 Distin-

454 2590 639 2655 guunt
658 2582 921 2655 plerique
945 2574 1147 2649 h‘odie,
1178 2594 1236 2637 et
1260 2584 1618 2657 suspendunt
1637 2585 1961 2641 orationem
1980 2602 2014 2638 a
2031 2602 2202 2639 versu
2229 2583 2420 2639 medio
2435 2622 2452 2649 ,
2483 2594 2550 2637 ut

438 2672 575 2743 jam
616 2692 767 2729 nunc
807 2674 999 2729 dicat:
1040 2674 1247 2731 deinde
1288 2676 1437 2731 illud
1480 2679 1822 2746 ordiuntur,
1861 2678 2020 2752 quod
2061 2678 2242 2734 cuivis
2275 2696 2544 2754 magnam

458 2772 889 2829 admirationem
918 2783 1181 2827 moveat:
1209 2774 1347 2827 Iam
1379 2792 1532 2827 nunc
1561 2774 1826 2829 debentia
1852 2775 1974 2829 dici
1989 2776 2266 2849 plenaque
2291 2776 2547 2845 differat.

456 2866 765 2927 Enimvero
791 2870 839 2926 si
859 2868 981 2942 jam
1006 2886 1162 2925 nunc
1194 2868 1309 2924 dici
1339 2868 1577 2936 debent,
1609 2882 1765 2926 recte
1803 2881 1858 2926 et
1885 2870 2090 2926 ordine
2119 2871 2240 2941 jam
2269 2890 2428 2927 nnnc
2453 2874 2549 2929 cli-

459 2980 670 3024 eeneur.
704 2970 797 3023 An
824 2966 1027 3041 jubes,
1057 2977 1121 3021 nt
1148 2984 1277 3040 quae
1303 2966 1363 3021 in
1394 2967 1502 3022 hae
1529 2966 1896 3023 adnotatione
1922 2967 2040 3039 jam
2067 2985 2224 3023 nunc
2249 2987 2282 3023 a
2313 2986 2406 3024 me
2435 2970 2550 3027 dici

460 3076 721 3141 oportet,
748 3084 813 3121 ea
840 3062 1101 3120 differam
1122 3075 1182 3119 et
1196 3064 1490 3121 omittam?
1519 3064 1676 3138 Ergo
1703 3074 1805 3119 aut
1821 3063 2126 3120 tacendum
2148 3064 2286 3119 mihi
2313 3077 2420 3134 est,
2449 3079 2549 3125 aut

386 3160 397 3168 ’
460 3163 574 3219 alia*
596 3164 855 3238 quaedam
881 3160 1123 3219 dicenda
1150 3174 1317 3231 sunt,
1348 3180 1477 3236 quae
1500 3180 1662 3218 nune
1693 3162 1808 3217 dici
1835 3181 1956 3218 non
1988 3160 2290 3217 debebant.
2325 3161 2552 3219 Bellum

461 3280 595 3319 sane
624 3272 977 3337 praeceptum
995 3300 1011 3329 ,
1052 3260 1145 3317 cui
1170 3261 1313 3317 mihi
1341 3260 1425 3316 illi
1455 3280 1628 3335 quam
1655 3261 1900 3317 maxime
1925 3260 2327 3335 obtemperare
2344 3260 2550 3316 viden-

454 3372 577 3444 tur,
592 3361 695 3436 qui
712 3361 868 3417 hunc
888 3361 1083 3415 locum
1102 3370 1215 3416 tam
1237 3378 1414 3436 prave
1438 3378 1710 3417 enarrare
1729 3360 2024 3416 sustinent.
2039 3360 2163 3435 Ego
2180 3376 2345 3429 vero,
2361 3359 2552 3433 potius

464 3476 637 3531 quam
664 3469 729 3513 ut
753 3468 869 3514 tam
893 3458 1141 3515 absurda
1170 3470 1225 3513 et
1252 3464 1516 3528 ἀσύςατα
1544 3468 1984 3527 commentarer,
2017 3457 2096 3513 sic
2115 3455 2551 3531 distinguerem,

465 3554 949 3628 quemadmodum
988 3556 1129 3612 olim
1168 3554 1512 3612 Lambinus:
1543 3580 1568 3607 α
1591 3558 1674 3613 Ut
1707 3555 1826 3628 jam
1861 3572 2020 3611 nnnc
2051 3554 2205 3611 dicat
2238 3552 2360 3626 jam
2397 3570 2554 3611 nunc

466 3650 725 3710 debentia
755 3654 899 3724 dici;
936 3655 1221 3730 Pleraque
1254 3654 1518 3725 differat,
1551 3668 1609 3713 et
1645 3672 1894 3731 presens
1919 3655 1981 3711 in
2013 3665 2236 3731 tempus
2261 3654 2504 3715 omittat.
2527 3676 2555 3704 a

466 3752 765 3820 Servatur,
792 3752 1007 3827 inquit,
1041 3764 1231 3811 rectus
1256 3754 1407 3811 ordo
1433 3764 1492 3810 et
1522 3753 1777 3823 lucidus,
1815 3754 1864 3809 si
1893 3754 2010 3826 jam
2043 3752 2198 3810 dicas
2233 3770 2360 3826 qnae
2394 3752 2556 3809 locus

462 3848 742 3924 postulat,
768 3860 835 3905 ut
853 3848 975 3923 jam
1006 3852 1304 3921 dicantur3
1334 3852 1614 3927 pleraque
1639 3869 1782 3909 vcro
1797 3890 1815 3921 ,
1843 3849 2056 3925 quibus
2081 3850 2292 3907 scilicet
2309 3864 2554 3925 prmus

466 3946 628 4005 locus
660 3968 781 4005 non
814 3961 927 4019 est,
964 3951 1025 4007 in
1059 3960 1281 4027 tempus
1312 3948 1470 4007 aliud
1506 3960 1564 4006 et
1593 3950 1790 4006 locum
1820 3949 2276 4007 commodiorem
2306 3947 2554 4005 differas.

468 4046 646 4121 Atqui
682 4046 805 4105 haec
846 4046 1081 4106 Ordinis
1122 4049 1299 4107 fuen't
1336 4048 1497 4123 quasi
1519 4046 1790 4105 definitio
1821 4046 2100 4124 generalis
2121 4066 2138 4101 t
2179 4048 2388 4103 Noster
2411 4062 2554 4102 vero

469 4142 737 4201 virtutem
772 4144 867 4203 hic
904 4148 1211 4222 quamdam
1248 4158 1305 4207 et
1341 4164 1606 4205 arcanam
1633 4146 1854 4205 ordinis
1879 4162 2146 4203 venerem
2175 4144 2418 4214 indicat,
2451 4160 2554 4200 re-

840 4362 853 4393 ἱ
