3000 4684
485 430 528 475 x
823 410 955 477 DE
1003 405 1433 475 ORIGINE
1483 406 1604 472 ET
1653 406 2243 475 PROGRESSU

383 599 386 601 ψ
479 570 705 643 quam
731 546 1071 617 Romanis
1105 566 1410 643 prorsus
1441 542 1849 637 incognita,
1883 567 2023 647 nec
2054 542 2199 615 ulla
2236 570 2405 615 cum
2444 550 2572 617 Sa-

482 666 706 763 tyrica
749 669 1162 737 Graecorum
1207 661 1410 759 poesi
1459 658 1895 755 cognatione
1938 661 2366 758 conjuncta,
2410 688 2572 761 quae

481 798 722 853 tamen
755 779 1239 879 quorumdam
1273 776 1658 849 doctorum
1702 777 1955 874 opinio
1990 777 2145 848 fuit.
2182 778 2568 865 Quintilia-

484 925 623 973 nus
662 926 958 974 omnem
993 896 1530 973 dubitationem
1562 896 1781 988 tollit,
1812 918 2042 994 quum
2074 896 2327 969 scribit
2345 896 2475 969 lib.
2500 902 2529 967 I
2547 952 2567 988 ‚

477 1046 634 1119 cap.
682 1045 812 1093 10:
852 1050 886 1087 α
919 1020 1140 1093 Satira
1189 1015 1488 1115 quidem
1534 1030 1685 1087 tota
1727 1032 1974 1089 nostra
2009 1031 2139 1088 est.
2166 1048 2203 1085 x·
2242 1017 2419 1089 Inde
2460 1031 2567 1087 est

481 1136 684 1233 quod
709 1138 1074 1227 Horatius,
1102 1134 1229 1207 lib.
1261 1139 1314 1225 Ι,
1332 1138 1475 1205 Sat.
1508 1158 1616 1225 10,
1640 1156 1705 1205 v,
1722 1134 1819 1206 66
1838 1162 1855 1205 :
1874 1136 2187 1208 «Graecis
2216 1136 2566 1208 intactum

472 1276 764 1324 carmen
791 1284 826 1319 n
855 1252 1148 1324 dixerit.

577 1374 758 1442 Ecce
815 1368 948 1441 tibi
999 1391 1413 1463 germanam
1471 1368 1691 1463 hujus
1752 1368 1951 1439 vocis
2005 1366 2512 1464 etymologiam
2544 1396 2560 1436 :

450 1487 716 1559 'Latini
755 1492 1104 1560 Saturum
1145 1484 1593 1582 usurpabant
1623 1510 1755 1583 pro
1781 1485 2035 1583 plene,
2066 1486 2185 1556 cui
2210 1485 2301 1557 ad
2330 1486 2565 1584 perfe-

469 1605 790 1679 ctionem
819 1606 924 1677 nil
954 1604 1269 1678 deesset:
1302 1606 1479 1675 hinc
1508 1609 1733 1675 Satur
1758 1608 1959 1675 color
1982 1625 2214 1700 quum
2245 1604 2409 1674 lana
2436 1628 2563 1675 co-

471 1723 700 1795 lorem
725 1723 939 1821 plene
967 1721 1459 1812 combibisset,
1481 1746 1617 1791 nec
1637 1720 2038 1817 quidquam
2062 1720 2155 1791 ad
2178 1721 2567 1791 tincturam

463 1840 678 1939 adjici
706 1842 1083 1939 potuisset.
1112 1842 1214 1912 Ex
1242 1842 1468 1912 Satur
1489 1838 1766 1910 factum
1792 1843 2087 1925 Satura,
2116 1838 2317 1937 quod
2348 1840 2565 1911 etiam

469 1964 719 2032 Satira
752 1985 882 2058 per
905 1968 936 2030 ἱ
966 1958 1362 2032 efferebant
1384 2013 1404 2045 ‚
1435 1956 2058 2055 quemadmodum
2084 1960 2470 2029 Maximus
2492 1972 2566 2028 et

471 2080 910 2163 Maxumus,
957 2081 1283 2174 optimus
1317 2088 1398 2149 et·
1434 2088 1803 2173 optumus.
1856 2079 1980 2145 Est
2024 2074 2245 2170 igitur
2276 2080 2567 2146 Nomen

463 2192 972 2292 Adjectz'vum,
1018 2194 1220 2291 quod
1265 2194 1698 2265 relationem
1744 2193 1959 2265 habet
2001 2193 2095 2265 ad
2140 2192 2551 2266 Substantia

467 2334 635 2383 vum
671 2308 1299 2383 subintellectum:
1335 2312 1677 2385 dicebant
1698 2314 1903 2384 enim
1940 2313 2158 2410 prisci
2187 2316 2561 2401 Saturam,

476 2426 1104 2526 subintelligentes
1162 2432 1470 2504 lancem.
1534 2433 1699 2502 Erat
1752 2442 1994 2503 autem
2045 2432 2324 2503 Satura
2381 2430 2569 2501 lanx

468 2570 592 2617 vas
620 2544 909 2643 (gallice
946 2572 1049 2618 un
1086 2546 1627 2647 bassinyomne
1670 2572 1897 2643 genus
1944 2546 2298 2620 fructibus
2330 2549 2564 2646 reple-

471 2680 631 2736 tum
663 2688 848 2762 quos
877 2665 1116 2737 Cereri
1143 2668 1539 2763 quotannis
1575 2682 1647 2737 et
1684 2666 1991 2752 Bacche,
2023 2681 2104 2736 ut
2129 2666 2350 2737 totius
2386 2667 2563 2737 anni

472 2794 963 2877 proventuum
996 2782 1385 2878 primitiaS,
1424 2781 1687 2851 offerre
1732 2780 2099 2869 solebam3
2152 2780 2565 2877 cujusmodi

473 2894 880 2969 oblationes
927 2922 1014 2969 ex
1051 2898 1265 2971 variis
1305 2898 1694 2995 generibus
1722 2898 1915 2971 inter
1942 2924 2017 2969 se
2052 2899 2374 2970 confusis
2409 2922 2559 2970 non

471 3030 677 3087 erant
701 3016 966 3088 Graecis
997 3018 1307 3089 omnino
1347 3017 1763 3113 incognitae,
1794 3018 1921 3114 qui
1953 3040 2070 3088 eas
2104 3016 2565 3115 appellabant

470 3144 819 3232 πάγκαρπον
855 3136 1110 3221 θυσίαν,
1148 3140 1559 3231 πανσπερμίαν
1608 3147 1681 3205 et
1724 3134 1798 3205 in
1839 3133 2369 3228 leguminibuS,
2407 3159 2567 3202 πυα-

472 3254 699 3343 νεψίαν.
741 3249 1129 3323 Diomedes
1161 3254 1694 3325 Grammaticus
1722 3266 2051 3323 accurate
2080 3264 2151 3321 et
2185 3250 2387 3323 hunc
2420 3256 2565 3323 Ro-

479 3390 863 3439 manorum
885 3390 1166 3438 morem
1192 3383 1266 3439 et
1291 3368 1494 3439 vocis
1512 3372 1801 3439 Saturae
1832 3380 2163 3437 naturam
2190 3366 2567 3463 explicavit

461 3480 578 3555 his
611 3482 887 3554 verbis:
931 3512 966 3549 α
1000 3484 1196 3555 Lanx
1237 3485 1493 3557 referta
1522 3486 1737 3557 variis
1794 3482 2189 3581 multisque
2225 3483 2569 3581 primitiis

468 3601 687 3672 sacris
707 3602 987 3673 Cereris
1015 3601 1483 3695 inferebatur,
1509 3619 1581 3675 et
1606 3628 1647 3673 a
1675 3604 1916 3701 copia,
1946 3613 2020 3673 et
2036 3606 2436 3674 Satur-itate
2461 3602 2565 3672 rei

393 3726 400 3731 ’
468 3718 742 3789 Satura
768 3716 1181 3791 vocabatur.
1201 3749 1235 3785 1>
1259 3720 1482 3817 Cujus
1523 3722 1805 3816 generis
1831 3720 2159 3793 lancium
2181 3774 2201 3809 ,
2237 3734 2313 3791 et
2326 3720 2565 3815 Virgi-

465 3830 611 3904 lius
657 3835 737 3907 in
787 3838 1160 3934 Georgicis
1209 3840 1583 3930 meminit,
1628 3864 1857 3937 quum
1898 3836 2042 3911 hoc
2076 3836 2299 3909 modo
2349 3836 2565 3927 dicit,

466 3948 859 4025 «lancibus
917 3966 990 4026 et
1040 3953 1302 4052 pandis
1357 3954 1709 4027 fumantia
1764 3952 2136 4027 reddimus
2182 3967 2375 4044 exta,
2406 3982 2439 4017 ι)
2492 3966 2565 4022 et
