3000 4684
569 345 713 445 496

1137 347 1224 436 Q.
1276 350 2102 422 HORAT11·FLACCI

560 488 927 578 Quaesitum
956 503 1092 557 est:
1122 512 1250 583 ego
1278 513 1403 558 nec
1430 489 1724 559 studium
1753 492 1894 560 sine
1924 487 2130 562 divite
2157 517 2360 585 vena,

562 609 704 678 Nec
726 606 927 696 rude,
952 607 1119 700 quid
1142 609 1385 701 possit,
1412 607 1610 678 video
1635 611 2013 705 ingenium:
2041 610 2322 684 alterius
2347 615 2444 684 sic
2545 623 2582 683 t·
2597 637 2670 674 ιο

562 726 793 796 Altera
827 726 1043 820 poscit
1072 749 1273 820 opem
1304 752 1444 816 res,
1479 743 1549 797 et
1579 729 1889 824 conjurat
1921 732 2154 800 amice.

563 845 703 932 Qui
734 841 957 913 studet
986 859 1289 938 optatam
1324 869 1522 916 cursu
1557 849 1952 944 contingere
1984 864 2269 937 metam,

561 961 781 1032 Multa
814 958 965 1030 tulit
995 961 1281 1056 fecitque
1314 987 1516 1058 puer,
1549 965 1814 1036 sudavit
1843 982 1914 1036 et
1943 965 2130 1054 alsit:

560 1081 905 1151 Abstinuit
938 1081 1201 1150 Venere
1232 1097 1301 1152 et
1333 1082 1493 1151 vino
1521 1109 1538 1152 :
1575 1085 1692 1176 qui
1725 1084 1964 1177 Pythia
1997 1099 2219 1154 cantat

562 1199 873 1287 Tibicen,
906 1197 1144 1268 didicit
1175 1201 1357 1293 prius
1392 1201 1835 1296 extimuitque
1871 1204 2286 1297 magistrum.

2541 1205 2663 1270 415

562 1318 707 1386 Nec
734 1319 891 1386 satis
918 1332 1017 1386 est
1044 1315 1321 1388 dixisse:
1352 1348 1385 1382 α
1406 1322 1552 1413 Ego
1577 1321 1751 1388 mira
1781 1336 2094 1414 poemata
2125 1345 2386 1416 pango:

563 1436 866 1530 Occupet
888 1450 1257 1504 extremum
1282 1437 1567 1526 scabies,
1595 1437 1765 1506 mihi
1791 1453 1986 1532 turpe
2013 1437 2300 1532 relinqui
2325 1455 2454 1526 est,

562 1557 681 1642 Et,
714 1553 896 1648 quod
929 1579 1067 1622 non
1104 1553 1345 1644 didici,
1382 1579 1542 1628 sane
1575 1557 1870 1646 nescire,
1907 1555 2128 1625 fateri.
2157 1586 2192 1621 >2

660 1673 771 1740 UT
799 1695 1081 1759 PRAEGO,
1110 1670 1197 1739 ad
1227 1695 1479 1740 merces
1511 1672 1777 1740 turbam
1807 1672 1926 1766 qui
1949 1673 2136 1767 cogit
2163 1672 2510 1760 emendaS,

562 1867 929 1938 locupletaverit
942 1905 959 1932 ,
980 1867 1098 1920 boni
1124 1877 1279 1936 poeta:
1302 1867 1496 1919 laudem
1521 1877 1574 1920 et

562 1955 798 2007 bonorem
824 1955 1055 2025 consequi
1077 1971 1237 2022 posse.

635 2049 759 2090 uo.
778 2037 963 2097 Possit,
989 2056 1059 2089 sc.
1079 2039 1301 2090 efficere:
1326 2035 1415 2089 alii
1432 2037 1573 2104 dant,

554 2119 965 2192 prosae-rude,
992 2123 1253 2185 incultum,
1279 2122 1574 2188 neglectum,

562 2206 798 2257 doctrine
816 2223 1009 2271 expers.
1024 2233 1094 2243 ——
1118 2207 1231 2271 Qui
1250 2203 1447 2264 studet,
1474 2215 1570 2256 etc.

562 2286 981 2354 Quemadmodum
1026 2289 1070 2338 is
1088 2325 1105 2350 ,
1139 2289 1227 2356 qui
1272 2288 1335 2340 ad
1377 2288 1576 2341 victoris

560 2372 753 2423 laudem
780 2370 996 2436 adspirat
1036 2370 1087 2419 in
1124 2371 1286 2431 ludis,
1316 2371 1405 2422 ubi
1426 2389 1578 2423 cursu

558 2465 789 2519 certatur,
808 2454 911 2519 jam
938 2469 1065 2520 puer
1088 2454 1258 2504 omnia
1284 2453 1400 2504 fecit
1422 2489 1436 2515 ,
1465 2471 1578 2523 qun

563 2539 625 2592 ad
658 2553 831 2605 corpus
862 2536 1277 2589 corroborandum
1316 2547 1574 2604 spectant:

561 2632 613 2674 et
626 2621 1031 2689 quemadmodum
1054 2619 1115 2686 is,
1132 2616 1221 2688 qni
1250 2621 1432 2673 tibicen
1451 2638 1576 2690 pro-

562 2707 673 2757 dire
700 2705 808 2757 vul-t
840 2706 901 2757 ad
932 2703 1227 2756 celebranda
1249 2705 1428 2773 Pythia
1447 2743 1463 2768 ,
1482 2705 1574 2756 diu

560 2800 677 2842 ante
714 2788 977 2858 disciplina
1030 2789 1147 2840 boni
1194 2788 1414 2854 magistri
1458 2805 1574 2840 usus

565 2877 617 2927 in
650 2884 757 2926 arte
786 2873 912 2924 tibia
938 2873 1147 2926 canendi
1180 2889 1287 2925 sese
1320 2872 1570 2933 etei-mit,

564 2959 634 3010 ita
660 2971 803 3030 poeta
830 2957 893 3008 ad
921 2957 1139 3010 carmina
1168 2956 1423 3008 scribenda
1443 2955 1571 3009 bene

562 3052 887 3111 preparatum
912 3051 1079 3108 pectus
1099 3040 1284 3092 afferre
1311 3039 1477 3092 debet.
1498 3069 1574 3079 —

565 3127 738 3178 Multa
770 3109 920 3184 suhi,
953 3135 1047 3176 etc.
1072 3122 1193 3175 Vet.
1220 3123 1381 3176 Schol.
1410 3123 1566 3193 Cruq.

570 3231 597 3259 «ι
618 3209 866 3280 Athletas,
904 3210 991 3276 qui
1028 3207 1091 3258 ad
1124 3207 1295 3258 curule
1324 3217 1572 3259 certamen

566 3293 971 3357 instruebantur,
1014 3305 1113 3341 non
1152 3287 1365 3339 edebant
1400 3305 1573 3340 carnes

564 3378 737 3438 elixas,
757 3375 841 3428 sed
864 3391 995 3426 assas
1019 3373 1121 3438 igni
1140 3380 1347 3422 tantum.
1360 3408 1374 3422 .
1388 3410 1399 3422 .
1414 3371 1569 3422 absti-

566 3461 747 3515 nebant
778 3477 807 3511 a
839 3457 1072 3516 Venere;
1108 3465 1189 3518 et,
1226 3470 1291 3504 ne
1324 3453 1455 3504 forte
1482 3471 1574 3522 per

562 3545 807 3598 somnium
860 3549 1006 3592 noctu
1051 3536 1445 3602 ludificarentur,
1492 3535 1572 3587 la-

564 3629 725 3680 minas
770 3621 1023 3692 plumbeas
1070 3619 1273 3672 renibus
1316 3617 1570 3688 appende·-

560 3714 701 3766 bant.
730 3730 757 3759 ι»
789 3707 910 3760 vid.
928 3704 1067 3759 Otho
1096 3705 1305 3756 Vaeuius
1324 3739 1341 3764 ,
1376 3701 1574 3755 Horatii

562 3795 871 3856 emblemata,
893 3789 1049 3853 VIII,
1072 3803 1180 3856 pag.
1211 3797 1294 3838 30.
1318 3786 1412 3837 En.

633 3887 757 3927 4η.
789 3871 1009 3940 Pythia,
1050 3869 1229 3939 Apollo
1264 3872 1365 3936 jam
1410 3869 1574 3922 infans

559 3959 807 4022 ingentem
828 3966 1108 4025 serpentem
1133 3955 1357 4022 Pythona
1380 3953 1570 4019 sagittis

557 4037 889 4098 interfecerat,
910 4038 1040 4088 unde
1059 4035 1237 4102 Apollo
1259 4033 1499 4099 Pythius,
1517 4045 1570 4087 et

1641 1883 1794 1933 acra,
1813 1884 1925 1938 qua:
1949 1869 2003 1920 in
2023 1869 2130 1935 ejus
2151 1867 2384 1920 bonorem
2403 1876 2456 1918 et
2475 1867 2526 1918 in
2549 1867 2662 1920 reli-

1643 1953 1766 2004 citer
1800 1953 1914 2005 cmsi
1949 1953 2174 2006 draconis
2205 1951 2486 2004 memoriam
2513 1953 2664 2004 insti-

1644 2037 1932 2103 tuebantur,
1955 2036 2149 2104 Pytlu'u
2167 2039 2414 2089 nominata
2437 2047 2570 2088 sunt.
2589 2065 2664 2075 —

1645 2121 1756 2172 Nec
1774 2121 1900 2172 satis
1917 2135 2009 2183 est,
2025 2130 2117 2172 etc.
2139 2121 2248 2172 Nec
2263 2121 2382 2172 satis
2403 2131 2482 2170 est
2502 2129 2666 2187 poetas

1647 2221 1827 2256 nomen
1865 2205 1930 2256 ad
1965 2221 2020 2257 se
2057 2205 2364 2255 transtulisse
2397 2213 2452 2252 et
2475 2220 2672 2271 super-

1645 2289 1760 2340 bius
1774 2289 1989 2340 dixisse:
2009 2289 2110 2354 Ego
2131 2303 2237 2338 sum
2257 2301 2456 2351 magnus
2478 2298 2674 2355 poeta,

1647 2389 1735 2440 ego
1755 2373 1930 2426 eximia
1953 2371 2168 2422 camina
2195 2385 2380 2437 pango,
2415 2368 2553 2420 male
2589 2372 2678 2423 sit

1649 2459 1726 2519 ei,
1753 2457 1914 2526 quiin
1941 2454 2208 2506 certamine
2223 2462 2300 2505 est
2317 2453 2564 2522 ultimus3
2595 2456 2672 2506 ab

1647 2541 1762 2593 aliis
1780 2557 1856 2593 me
1871 2539 2114 2608 superari,
2127 2547 2183 2589 et
2197 2537 2371 2603 fateri,
2389 2553 2472 2588 me
2486 2539 2668 2603 (sane)

1645 2639 1758 2678 vere
1777 2625 1964 2678 nescire
1978 2661 1992 2687 ,
2009 2641 2117 2693 qua:
2137 2640 2234 2676 non
2251 2622 2437 2688 didici,
2461 2621 2512 2673 id
2531 2623 2663 2674 mihi

1645 2721 1720 2762 est
1751 2721 1914 2778 turpe.
1951 2709 2071 2761 Sine
2107 2706 2261 2758 dubio
2294 2705 2510 2774 respexit
2545 2705 2660 2756 Ho-

1644 2795 1800 2848 ratius
1824 2803 2017 2861 poetam
2039 2793 2276 2862 aliquem,
2295 2792 2368 2843 sie
2386 2791 2450 2843 de
2464 2806 2520 2841 se
2535 2805 2662 2841 sen-—

1645 2879 1854 2930 tientem
1892 2887 1946 2928 et
1981 2879 2054 2928 sic
2087 2877 2192 2929 fere
2223 2877 2498 2944 loquentem
2517 2911 2533 2938 ,
2561 2871 2661 2943 qui

1643 2962 1928 3029 pertinebat
1956 2960 2018 3013 ad
2050 2977 2134 3012 eos
2150 2997 2164 3020 ,
2197 2959 2260 3010 de
2295 2959 2473 3028 quibus
2505 2973 2664 3026 supra

1641 3043 1879 3096 Horatius
1897 3043 1960 3094 ad
1981 3043 2180 3094 Florum
2196 3079 2211 3106 ,
2242 3041 2452 3110 Epistol.
2474 3041 2530 3091 11
2546 3076 2563 3106 ,
2586 3051 2616 3092 ι
2637 3079 2656 3100 ,

1649 3139 1765 3180 ¹07:
1787 3147 1815 3174 α
1831 3125 2066 3178 Gaudent
2083 3127 2352 3178 scribentes
2369 3135 2420 3176 et
2433 3141 2488 3178 se
2507 3141 2666 3176 vene-

1645 3222 1834 3276 rantur,
1863 3221 1917 3260 et
1949 3209 2108 3270 ultro,
2129 3209 2183 3260 Si
2211 3219 2396 3273 taceas,
2414 3207 2618 3258 laudant
2637 3245 2657 3268 ‚

1641 3293 1883 3364 quidquid
1897 3294 2140 3362 scripsere
2157 3294 2310 3346 beati.
2327 3290 2664 3354 s—scabt‘es,

1643 3379 1750 3430 haeo
1776 3395 1873 3430 vox
1905 3377 2059 3428 fuisse
2087 3378 2280 3429 videtur
2299 3374 2618 3444 opprobrium
2641 3414 2662 3439 ,

1641 3478 1741 3532 quo
1763 3460 1902 3529 pueri
1919 3460 2162 3512 currendo
2181 3469 2420 3512 certantes
2452 3458 2537 3524 ei,
2567 3459 2662 3526 qui

1643 3547 1845 3600 ultimus
1875 3545 1938 3596 ad
1971 3555 2148 3596 metam
2170 3553 2374 3596 venerat
2387 3581 2402 3604 ‚
2423 3559 2528 3594 rem
2548 3559 2666 3594 ma·

1643 3629 1739 3681 lam
1765 3627 2191 3696 imprecabantur3
2221 3625 2284 3677 ad
2303 3625 2522 3678 convicia
2543 3639 2666 3691 per·

1644 3711 1774 3762 tinet
1793 3707 1984 3762 scabies
2003 3707 2134 3776 apud
2151 3707 2334 3760 Catull.
2358 3703 2576 3768 XLVII,
2596 3716 2634 3756 2
2647 3743 2664 3757 .

1647 3821 1716 3835 -—
1741 3808 2021 3847 extremum
2065 3806 2119 3843 et
2151 3790 2383 3861 relinqui
2413 3787 2666 3843 translata

1646 3887 1805 3929 sunta
1823 3874 2188 3938 certaminibus,
2209 3873 2292 3923 ubi
2313 3870 2426 3922 victi
2445 3887 2474 3920 a
2490 3870 2662 3923 victo-

1643 3959 1781 4011 ribus
1797 3968 1906 4027 post
1921 3969 2110 4023 tergum
2130 3953 2550 4022 relinquebantur.

1715 4051 1838 4094 ⁴19.
1875 4041 2200 4094 Pascuntur
2231 4049 2485 4088 υιτιιισιι.
2513 4033 2668 4087 Ulti-
