3000 4684
488 422 631 505 264
1052 414 1138 501 Q.
1192 408 1613 481 floRATu
1659 405 2015 475 FLAccl

482 562 637 627 lsne
670 556 795 625 tibi
826 548 1060 623 melius
1094 543 1366 634 suadet,
1400 546 1516 637 qui
1548 565 1693 611 rem
1723 540 1964 629 faciaS‚
1999 564 2180 628 rem,
2497 532 2576 593 65

484 674 555 743 Si
590 669 799 765 possis
830 680 1049 754 recte3
1084 665 1141 732 si
1178 687 1347 751 non,
1380 682 1801 753 quocumque
1833 654 2036 726 modo
2067 680 2246 743 rem,

482 792 581 860 Ut
613 788 889 885 propius
922 798 1181 880 spectes
1216 780 1574 851 lacrimosa
1611 793 1920 873 poemata
1953 775 2164 871 Pupi:

484 910 593 979 An
610 959 629 995 ,
663 906 782 1000 qui
814 904 1097 973 fortunae
1132 916 1199 971 te
1234 922 1630 995 responsare
1663 896 1964 991 superbae

484 1024 807 1093 Liberum
836 1033 906 1089 et
932 1034 1229 1088 erectum
1255 1038 1548 1111 praesens
1575 1014 1886 1082 hortatur
1913 1026 1980 1080 et
2005 1010 2235 1105 optat?

485 1139 746 1228 Quodsi
772 1162 882 1207 me
907 1133 1195 1232 populus
1221 1112 1566 1205 Romanus
1594 1129 1768 1202 forte
1795 1144 2019 1225 roget,
2047 1152 2168 1199 cur
2505 1144 2580 1200 7⁰

487 1261 677 1348 Non,
707 1272 780 1328 ut
806 1256 1203 1352 porticihuS‚
1232 1254 1327 1323 sic
1347 1250 1618 1347 judiciis
1643 1250 1829 1321 fruar
1855 1247 2102 1337 isdem,

487 1476 676 1544 animi,
696 1496 725 1525 n
750 1474 947 1529 fortiter
962 1483 1014 1527 et
1035 1472 1251 1525 viriliter
1266 1470 1493 1525 sentien-

489 1571 581 1613 tes.
620 1559 696 1611 De
724 1558 879 1611 Curio
913 1556 1020 1611 cic.
1056 1556 1119 1607 de
1155 1555 1348 1609 Senect.
1382 1570 1490 1622 cap.

492 1657 513 1696 ί
526 1656 578 1699 0:
596 1663 622 1691 α
636 1642 792 1695 Curio
808 1640 870 1695 ad
887 1640 1044 1695 focum
1062 1638 1251 1691 sedenti
1266 1652 1495 1703 magnum

489 1727 598 1782 auri
636 1725 825 1794 pondus
856 1722 1097 1775 Samnites
1119 1736 1273 1790 quum
1296 1717 1495 1771 attulis-

489 1820 629 1874 sent,
656 1806 902 1875 repudiati
920 1806 983 1857 ab
1002 1823 1061 1857 eo
1075 1814 1223 1870 sunt;
1244 1821 1343 1855 non
1364 1801 1497 1855 enim

490 1908 663 1943 aurum
696 1890 881 1941 habere
902 1888 1184 1959 praeclarum
1220 1886 1315 1937 sibi
1344 1882 1503 1936 videri

489 1974 648 2041 dixit,
687 1974 773 2027 sed
798 1974 876 2034 iis,
906 1974 993 2043 qui
1019 1972 1257 2023 haberent
1293 1986 1466 2024 aurum
1486 2004 1502 2029 ,

494 2058 755 2127 imperare.
780 2076 807 2105 ι»
832 2055 905 2107 De
922 2056 1072 2106 rebus
1088 2070 1116 2105 a
1134 2052 1346 2107 Camillo
1360 2051 1507 2119 gestis

494 2141 596 2192 vid.
620 2140 731 2190 Liv.
760 2138 833 2205 V,
856 2150 923 2190 44
943 2156 1077 2207 seqq.

568 2232 657 2275 ου.
699 2222 818 2272 Isns
851 2220 969 2279 tibi,
1002 2231 1095 2273 etc.
1132 2220 1311 2271 Sensus
1340 2235 1351 2267 :
1392 2214 1512 2295 Me-

492 2304 657 2357 iiusne
676 2304 847 2357 suadet
870 2303 963 2354 tibi
986 2304 1028 2353 is
1045 2340 1061 2367 ,
1080 2302 1167 2371 qui
1192 2302 1285 2352 tibi
1304 2300 1475 2354 suadet
1494 2344 1514 2375 ‚

496 2400 555 2442 ut
571 2406 689 2458 opes
703 2386 898 2453 colligas
913 2425 931 2451 ‚
948 2398 1033 2439 aut
1051 2389 1180 2440 bono
1196 2387 1339 2441 modo
1355 2425 1371 2452 ,
1390 2374 1477 2439 aiut
1494 2424 1513 2450 ,

496 2472 541 2525 si
567 2471 696 2523 bono
726 2471 867 2523 modo
904 2470 1010 2521 [ieri
1048 2488 1145 2523 non
1185 2470 1356 2539 possit,
1384 2486 1513 2539 quo-

496 2572 705 2625 cumque
724 2555 921 2609 demum
944 2555 1085 2609 modo
1103 2592 1117 2617 ,
1150 2554 1303 2607 donec
1324 2564 1512 2610 tuntum

496 2638 784 2689 divitiatum
835 2638 927 2689 tibi
967 2637 1218 2703 collegeris
1237 2674 1251 2701 ,
1300 2649 1357 2689 ut
1417 2638 1512 2690 tibi

498 2719 671 2790 Equiti
692 2721 742 2771 in
762 2720 876 2773 sede
885 2722 1113 2789 propiore
1126 2732 1178 2775 et
1188 2722 1510 2775 honoratiore

496 2813 716 2871 spectare
738 2802 879 2855 liceat
904 2804 1055 2872 Pupii
1090 2802 1381 2871 tramdias?
1426 2802 1511 2856 An

500 2884 677 2939 melius
700 2887 790 2941 tibi
810 2888 1021 2939 consulit
1042 2888 1113 2949 is,
1129 2890 1217 2959 qui
1242 2886 1512 2959 (proesens)

496 2970 628 3037 gravi
651 2988 762 3023 voce
783 2981 828 3023 te
846 2982 903 3022 ut
927 2972 1177 3023 Hominem
1198 2970 1446 3023 liberioris
1462 2979 1514 3022 et

498 3052 751 3106 erectior-is
791 3053 970 3113 indolis
1008 3054 1219 3105 fortunas
1253 3053 1514 3120 superbius

499 3146 728 3189 contrata
752 3134 1024 3200 insurgenti
1041 3152 1136 3187 non
1159 3134 1331 3189 cedere
1350 3132 1515 3202 jubet,

501 3218 633 3271 etad
652 3217 785 3271 inam
808 3214 1141 3269 sustinendam
1166 3226 1214 3267 te
1236 3214 1407 3285 (optat)
1428 3232 1519 3283 np-

509 3310 610 3353 tum
631 3309 785 3368 optat.
808 3328 879 3341 -—
904 3295 1222 3366 mmsace're,
1254 3298 1326 3349 rei
1362 3298 1514 3349 sami-

504 3382 618 3437 liari
642 3381 870 3449 augenda
904 3396 1101 3449 operam
1136 3380 1284 3443 dare3
1308 3396 1397 3430 vox
1437 3396 1519 3429 res

508 3475 585 3518 ter
597 3465 805 3533 repetita
815 3463 1007 3529 egregie
1022 3462 1257 3529 exprimit
1274 3460 1524 3528 ingenium

505 3550 747 3610 suasoris,
782 3547 870 3618 qui
892 3584 908 3613 ‚
946 3546 1078 3617 quod
1112 3546 1315 3611 suadet,
1343 3546 1525 3597 iterum

507 3632 783 3703 iterumque
808 3632 862 3685 id
898 3632 1161 3701 repetendo
1191 3627 1404 3697 graviter
1442 3626 1528 3679 in-

508 3716 696 3770 culeare
732 3716 855 3767 vult.
896 3744 965 3755 --
997 3716 1267 3767 lacn‘mosa
1292 3726 1530 3784 poemata

510 3798 668 3871 Ραρῖ,
694 3802 787 3853 hoe
802 3802 999 3853 videtur
1019 3798 1207 3851 ironice
1217 3800 1425 3851 dietum.
1448 3798 1529 3851 Ex

512 3898 649 3933 more
678 3885 875 3945 satira,
904 3882 1141 3935 Horatius
1169 3880 1320 3950 Pupii
1348 3892 1529 3949 tragoe-

510 3964 619 4016 dias
636 3976 999 4030 commemorat,
1018 3965 1135 4014 dum
1163 3962 1452 4031 simpliciter
1466 3962 1530 4013 de

512 4048 712 4106 sedibus
736 4052 787 4099 in
812 4050 1003 4099 theatro
1022 4046 1408 4110 eratiocuturus.
1424 4044 1522 4096 En.

1564 1468 1684 1520 Vet.
1713 1466 1972 1519 Scholiast.
2011 1483 2038 1512 ιι
2059 1461 2274 1532 Pupius,
2297 1462 2582 1529 Tragoedio-

1565 1552 1778 1619 graphus
1801 1550 1871 1601 ita
1889 1548 2097 1602 arrectus
2119 1547 2440 1615 spectantium
2477 1564 2582 1599 mo-

1565 1636 1639 1687 vit
1655 1674 1671 1702 ‚
1713 1644 1770 1687 ut
1805 1650 1889 1687 eos
1930 1634 2050 1685 flere
2083 1631 2411 1700 compelleret.
2455 1632 2584 1683 Inde

1566 1718 1716 1771 istum
1761 1734 1954 1769 rel-sum
1991 1717 2143 1769 fecit:
2184 1716 2401 1769 Flebant
2436 1717 2584 1769 amici

1570 1812 1624 1854 et
1657 1803 1784 1855 bene
1827 1802 1932 1855 noti
1979 1811 2184 1854 mortem
2223 1818 2418 1855 meam:
2455 1800 2587 1853 Nan

1574 1885 1785 1954 populus
1823 1884 1877 1935 in
1915 1900 1996 1936 me
2032 1884 2142 1937 vivo
2187 1885 2474 1955 lacrymatus
2513 1895 2589 1939 est

1575 1968 1715 2023 eatis.
1741 1988 1769 2017 υ
1803 1966 2128 2038 —fhr-tunoe
2151 1985 2445 2039 responsare
2469 1986 2584 2041 sup.

1579 2061 1788 2125 utsupr5
1811 2051 1914 2105 Sat.
1939 2052 2018 2117 11,
2047 2065 2102 2119 ’1,
2127 2064 2192 2105 88
2218 2070 2231 2103 z
2258 2068 2590 2121 «responsus

1579 2133 1925 2204 cupidinibus,
1955 2156 1982 2185 κ
2005 2136 2093 2189 ubi
2110 2136 2210 2187 vid.
2229 2145 2330 2187 not.
2355 2164 2424 2174 —
2441 2152 2592 2204 ραι·-

1581 2235 1727 2278 sens,
1746 2228 1982 2287 praecepta
1997 2218 2208 2283 scilieet,
2221 2234 2332 2285 quae
2349 2218 2456 2268 vivs
2477 2234 2594 2271 voce

1585 2316 1614 2351 n
1651 2300 1846 2355 doctore
1880 2309 2117 2369 praesente
2147 2299 2354 2359 dantur,
2399 2299 2592 2363 gravius

1585 2384 1824 2437 auditoris
1871 2384 1948 2437 vel
1978 2384 2207 2453 discipuli
2243 2383 2464 2437 animum
2499 2381 2595 2435 irn-

1585 2466 1769 2534 pellere
1792 2467 1966 2521 solent.

1663 2562 1745 2603 ⁷0.
1779 2549 1981 2617 Quodsi
1997 2568 2076 2603 me
2094 2550 2338 2621 populus,
2365 2562 2458 2607 ete.
2483 2553 2598 2607 Sen-

1583 2654 1667 2689 sus
1689 2654 1702 2686 ε
1724 2635 1915 2703 Quodsi
1953 2636 2080 2689 forte
2101 2652 2182 2687 me
2214 2646 2348 2703 roget
2368 2638 2599 2706 populns,

1579 2738 1668 2775 cur
1693 2737 1781 2787 ego
1798 2758 1814 2783 ‚
1832 2721 1982 2775 sicuti
2003 2722 2347 2774 communibus
2373 2722 2596 2775 ambula-

1581 2806 1680 2859 cris
1699 2807 1794 2857 sub
1825 2805 2129 2873 porticibus,
2165 2824 2263 2860 non
2301 2808 2372 2859 ita
2407 2822 2598 2877 qnoque

1583 2888 1964 2941 communicatu
1985 2892 2171 2959 populo⁴
2187 2891 2435 2943 sentiendi
2463 2902 2518 2944 et
2535 2892 2599 2944 de

1583 2971 1730 3023 rebus
1775 2969 2032 3037 judicandi
2089 2974 2280 3025 ratione
2321 2983 2431 3027 utar
2447 3008 2462 3037 ,
2513 2990 2602 3027 eur

1585 3070 1672 3121 ego
1709 3072 1810 3108 nou
1853 3072 2066 3125 sequar,
2099 3057 2229 3124 quod
2273 3057 2482 3123 populus
2521 3074 2606 3110 se·

1585 3138 1786 3207 quitur,
1827 3154 1932 3191 non
1969 3138 2182 3205 fugiam,
2229 3138 2362 3205 quod
2395 3139 2602 3205 populus

1589 3218 1746 3285 fugit,
1788 3221 2092 3287 respondebo
2111 3218 2242 3287 qnod
2267 3227 2412 3271 cauta
2434 3218 2606 3287 vulpe·

1589 3312 1769 3369 egroto
1787 3300 1918 3355 leoni
1953 3300 2162 3367 (vulpem
2185 3298 2248 3351 ad
2269 3315 2321 3351 se
2344 3299 2398 3349 in
2433 3316 2606 3353 caver-

1596 3403 1712 3439 nam
1749 3382 1998 3451 invitanti)
2039 3381 2349 3449 respondisse
2385 3382 2604 3435 dicitur:

1597 3470 1740 3537 Quia
1767 3484 1848 3519 me
1879 3466 2098 3534 vestigia
2119 3478 2312 3520 ter-rent
2337 3468 2528 3519 Omnia
2559 3480 2609 3519 te

1595 3546 1863 3603 adversum
1896 3549 2200 3620 spectantia.
2241 3549 2394 3601 nulla
2429 3562 2611 3603 nour-

1597 3651 1731 3701 qun.
1757 3634 1946 3703 Vulpes
1967 3632 2125 3687 leonis
2151 3632 2359 3687 insidias
2380 3634 2610 3687 extimes-
2696 3650 2709 3655 ·

1599 3716 1670 3766 cit
1687 3753 1702 3777 ‚
1741 3726 1892 3791 poeta.
1907 3713 2075 3784 populi
2097 3712 2304 3770 Romani
2323 3715 2610 3783 pravitatem

1597 3810 1951 3871 corruptusque
1960 3817 2118 3855 mores
2131 3799 2447 3854 exhoroescit.
2467 3798 2612 3851 Hane

1597 3884 2005 3951 comparationem
2045 3893 2294 3937 mutuatus
2325 3892 2402 3935 est
2441 3878 2608 3935 Hora-

1601 3967 1699 4019 tius
1748 3984 1810 4019 ex
1855 3966 2050 4019 Lucilio
2088 3966 2211 4037 qui,
2261 3968 2312 4019 in
2355 3966 2458 4017 Sst.
2509 3974 2612 4029 50,

1601 4048 1831 4103 similiter
1869 4050 1932 4101 ad
1973 4066 2051 4101 res
2096 4048 2318 4119 politicas
2361 4048 2612 4101 alludens:
