3000 4684
1021 378 1204 444 LIB.
1257 377 1363 465 11,
1414 377 1708 446 EPIST.
1761 381 1815 446 1.
2325 389 2456 472 401

374 519 592 589 Discit
624 520 807 586 enim
840 516 1035 586 citius
1067 517 1504 610 meminitque
1538 514 1848 587 libentius
1880 517 2046 589 illud
2061 574 2080 610 ‚

375 636 583 728 Quod
604 638 751 732 quis
772 633 1065 725 deridet,
1090 659 1293 730 quam
1322 633 1504 730 quod
1531 636 1775 730 probat
1797 653 1867 708 et
1888 637 2267 710 veneratur.

374 752 495 826 Nil
517 778 749 825 moror
771 753 1065 824 officium
1081 806 1100 842 ,
1126 752 1309 848 quod
1334 776 1443 822 me
1466 769 1730 849 gravat,
1757 779 1834 824 ac
1859 780 2074 852 neque
2096 757 2253 829 ficto

376 877 457 942 In
490 873 679 968 pejus
710 870 896 942 vultu
926 873 1219 967 proponi
1256 895 1485 940 cereus
1522 896 1798 965 usquam
1815 926 1836 962 ,
2359 881 2474 938 265

378 992 527 1062 Nec
564 1015 771 1086 prave
804 989 997 1062 factis
1030 989 1339 1060 decorari
1374 989 1674 1059 versibus
1710 1006 1912 1085 opto:

380 1111 491 1181 Ne
523 1110 803 1180 rubeam
836 1109 1075 1204 pingui
1106 1107 1393 1179 donatus
1426 1133 1739 1197 munere,
1776 1125 1845 1178 et
1875 1135 2010 1180 una

383 1233 554 1301 Cum
587 1231 917 1325 scriptore
948 1253 1103 1298 meo
1137 1251 1337 1323 capsa
1370 1243 1722 1323 porrectus
1755 1243 1985 1324 aperta

381 1351 667 1436 Deferar
699 1350 773 1421 in
804 1351 1025 1420 vicum
1042 1401 1063 1438 ,
1094 1348 1494 1418 vendentem
1531 1347 1685 1418 thus
1716 1363 1786 1418 et
1816 1347 2056 1420 odores
2071 1403 2091 1438 ,

384 1471 471 1540 Et
500 1469 727 1564 piper,
758 1483 827 1538 et
860 1467 1181 1562 quidquid
1214 1466 1467 1538 chartis
1500 1466 1812 1536 amicitur
1845 1468 2109 1563 ineptis,
2365 1489 2480 1543 27⁰

389 1687 477 1740 ubi
499 1687 552 1739 in
578 1688 793 1740 tabernis
808 1688 1093 1741 venduntur
1112 1690 1230 1742 thus
1246 1701 1297 1742 et
1317 1705 1397 1742 res
1466 1699 1520 1740 et
1536 1687 1710 1742 odores
1723 1690 2020 1742 venduntur.
2039 1721 2108 1730 —
2121 1694 2378 1753 amabitur,
2401 1695 2483 1748 in-

389 1771 646 1824 odoriferoe
657 1808 671 1833 ,
694 1781 745 1822 et
762 1772 919 1840 piper,
942 1781 995 1823 et
1008 1772 1249 1842 quidquid
1268 1790 1394 1826 mer·
1466 1773 1695 1826 volvitur.
1706 1773 1868 1826 Catul.
1881 1775 2045 1839 XCV,
2063 1788 2110 1838 8,
2121 1777 2188 1829 de
2201 1777 2480 1832 Annalibus

390 1855 521 1907 cium
542 1855 727 1906 chartis
749 1853 1010 1907 inutilibus
1034 1855 1314 1908 involvitur.
1326 1887 1397 1896 —
1468 1856 1668 1910 Volusii
1685 1877 1698 1908 :
1715 1859 1822 1910 «Et
1843 1859 1976 1912 laxas
1996 1862 2230 1914 scombris
2247 1865 2480 1933 supeda-

393 1939 569 1998 smBe,
604 1955 703 1990 non
724 1937 786 1988 ad
807 1935 1008 2006 diligit,
1043 1939 1130 1990 sed
1160 1941 1223 1991 sd
1252 1955 1401 2010 urget
1466 1942 1597 1994 bunt
1612 1943 1830 1996 tunicas:
1850 1963 1880 1993 ι
1900 1953 1954 1995 et
1972 1943 2192 1996 Martial.
2211 1945 2312 2008 IV,
2331 1947 2475 2016 Episs.

394 2021 701 2075 referendum
715 2021 941 2083 videtum
967 2021 1106 2090 posui
1125 2023 1277 2089 igitur
1291 2035 1399 2093 post
1472 2038 1560 2091 8¹1,
1599 2037 1663 2093 ες
1703 2026 1806 2090 111,
1837 2037 1868 2077 2
1889 2046 1903 2095 ς
1928 2037 1981 2078 et
2003 2027 2171 2097 xm,
2201 2043 2222 2082 ι
2242 2068 2257 2091 ,
2284 2042 2306 2081 1
2327 2049 2340 2083 :
2359 2033 2483 2084 «Ne

390 2107 543 2159 stulte
560 2105 923 2159 distinctionem
946 2105 1204 2159 minorem.
1470 2118 1576 2174 toga
1607 2109 1817 2177 cordylis
1835 2147 1850 2170 ,
1891 2127 1954 2162 ne
1992 2111 2172 2178 penula
2207 2101 2356 2166 desit'
2377 2114 2477 2168 oli-

461 2201 585 2244 ssv.
616 2189 873 2248 Habeam,
900 2189 1089 2259 pudore
1120 2189 1397 2242 ἠοῖαι-
1467 2192 1562 2244 vis.
1585 2213 1614 2242 ιο
1639 2192 1765 2244 vid.
1790 2210 1902 2262 sup.
1927 2210 1980 2263 p.
2005 2207 2130 2260 ³⁷¹3
2157 2215 2208 2250 n.
2241 2209 2323 2250 n.
2351 2198 2446 2251 En.

392 2294 529 2336 una,
566 2275 621 2327 in
643 2273 813 2328 eodem
834 2273 969 2326 enim
990 2273 1121 2326 libro
1144 2282 1219 2326 est
1236 2273 1395 2342 scrip-
1541 2286 1665 2328 2⁸10.
1709 2274 1916 2328 Char-tis
1957 2276 2164 2348 ιήερεὺ,
2200 2279 2481 2348 significan-

390 2358 509 2414 toris
530 2375 743 2423 nomen,
760 2368 812 2411 et
832 2360 939 2426 ejus
960 2358 1050 2427 qui
1071 2358 1393 2410 laudatur.—-
1466 2369 1544 2410 ter
1579 2357 1773 2412 chanoe
1811 2357 2045 2414 dicuntur
2083 2361 2296 2432 ineptoe,
2333 2381 2479 2433 quie,

388 2461 571 2514 capsa,
592 2459 717 2496 amn.
722 2455 1080 2512 -ροηυαιιε,
1096 2441 1239 2510 quasi
1254 2457 1393 2494 mor-
1464 2441 1584 2511 quia
1612 2443 1825 2513 ineptias
1844 2461 1956 2498 suas
1975 2445 2037 2498 iis
2055 2448 2305 2500 mandavit
2324 2449 2480 2501 malus

392 2537 505 2579 tuus
532 2528 603 2592 in
616 2527 831 2594 feretro,
862 2525 1109 2580 cadaveris
1131 2525 1303 2579 instar.
1322 2553 1395 2566 —-
1468 2535 1644 2595 poeta,
1691 2528 1938 2580 mercibus
1980 2530 2268 2622 amit-‚iendis
2313 2533 2480 2585 inser-

392 2607 689 2662 vendenoem
708 2608 834 2662 thus
858 2605 1133 2667 moderes,
1162 2607 1253 2660 u'bi
1282 2609 1397 2660 tbus
1467 2610 1627 2663 viunt.
2175 2631 2198 2640 ··
2255 2683 2260 2688 ι
2295 2617 2390 2646 ‘w‘
2579 2627 2584 2650 τ

464 2922 730 2975 Ananis.
764 2919 916 2972 Docet
944 2921 1207 2972 Suetonius
1230 2919 1508 2990 Angustum
1539 2937 1664 2989 agre
1696 2921 1936 2975 ferentem
1965 2918 2150 2972 nullam
2181 2922 2244 2972 ab
2274 2921 2480 2980 Horatio

394 3008 663 3078 Epistolam
684 3008 747 3059 sd
768 3023 821 3058 se
840 3007 1071 3074 scriptam
1092 3006 1248 3059 fuisse
1262 3042 1281 3074 ‚
1310 3008 1408 3060 isto
1432 3007 1578 3060 modo
1597 3006 1727 3075 apud
1751 3013 1942 3074 poetam
1963 3019 2052 3073 per
2069 3004 2237 3059 litem
2251 3019 2476 3078 questum

392 3112 529 3150 esse:
553 3115 581 3144 ut
602 3095 789 3147 Iratum
809 3110 889 3146 me
910 3092 1007 3144 tibi
1030 3093 1170 3160 scito,
1190 3093 1319 3161 quod
1340 3111 1441 3148 non
1463 3097 1516 3146 in
1534 3093 1782 3162 plerisque
1799 3091 2038 3160 ejusmodi
2055 3092 2270 3162 scriptis,
2290 3111 2478 3153 mecum

390 3182 697 3251 potissimum
716 3180 950 3250 loquaris.
967 3176 1049 3231 An
1062 3180 1250 3231 vereris
1268 3196 1333 3232 ne
1350 3181 1477 3250 apud
1491 3190 1709 3249 posteros
1723 3178 1910 3231 infame
1925 3179 2017 3231 tibi
2029 3180 2112 3242 sit,
2127 3181 2256 3248 quod
2268 3181 2482 3238 videaris

392 3267 651 3322 familiaris
684 3268 830 3320 nobis
859 3264 1005 3318 esse?
1028 3285 1057 3314 n
1079 3263 1177 3316 Cui
1200 3265 1269 3317 its
1288 3265 1518 3334 querenti
1536 3303 1552 3329 ,
1579 3265 1708 3318 hanc
1723 3265 1919 3333 scripsit
1936 3263 2207 3333 Epistulam
2227 3265 2482 3322 Horatius.

390 3358 719 3426 Quascumque
750 3364 915 3408 autem
938 3355 1095 3406 suerit
1126 3354 1273 3421 hujus
1299 3352 1536 3422 Epistola
1557 3355 1622 3406 ad
1641 3353 1916 3421 Augustum
1935 3353 2128 3424 scripta
2147 3357 2331 3408 occasio
2350 3395 2365 3424 ,
2389 3357 2488 3410 ruit

394 3442 488 3494 hoc
507 3443 807 3510 praecipuum
834 3450 1176 3506 argumentum
1197 3477 1213 3502 ‚
1240 3449 1299 3490 ut
1316 3439 1551 3493 Romanis
1567 3481 1581 3504 ‚
1604 3442 1770 3494 forsan
1788 3441 1936 3494 etiam
1956 3441 2054 3509 ipsi
2070 3438 2318 3507 Augusto,
2342 3443 2488 3496 tacite
2532 3463 2538 3470 ·

396 3526 608 3578 nimium
628 3543 742 3592 erga
757 3535 949 3578 veteres
966 3526 1231 3593 scriptores
1246 3523 1465 3577 studium
1478 3529 1798 3595 exprobraret
1812 3545 1826 3587 ;
1845 3543 1945 3576 suoe
1965 3532 2130 3577 autem
2147 3527 2306 3579 astatis
2323 3538 2492 3594 poetas

400 3612 530 3682 apud
550 3610 824 3680 principem
841 3613 1223 3664 commendaret.

462 3693 655 3748 Verum
672 3710 734 3747 nu
742 3703 837 3746 tem
857 3704 914 3747 ut
930 3697 1233 3765 propositum
1280 3706 1463 3762 tegeret
1480 3705 1624 3765 poeta
1639 3734 1654 3758 ‚
1679 3707 1730 3747 et
1746 3697 1891 3747 finem
1909 3712 2053 3747 suum
2072 3731 2086 3756 ,
2111 3713 2211 3747 non
2233 3705 2364 3748 recta
2377 3697 2458 3750 via
2473 3735 2490 3762 ‚

394 3783 478 3835 sed
494 3782 639 3853 quasi
661 3781 799 3834 aliud
814 3783 1031 3849 cogitans
1044 3819 1061 3852 ,
1081 3785 1373 3850 attingeret,
1396 3784 1589 3835 infinita
1609 3779 1932 3850 expositionis
1953 3793 2059 3833 arte
2072 3817 2088 3848 ,
2114 3781 2285 3834 multis
2308 3784 2494 3836 transi-

396 3870 585 3922 tionum
606 3868 831 3922 artificiis
856 3885 972 3922 usus
997 3880 1088 3922 est.
1110 3869 1308 3923 Scilicet
1324 3871 1387 3922 ab
1400 3867 1610 3933 Augusti
1637 3865 1866 3918 laudibus
1892 3866 2168 3934 incipiens,
2183 3867 2256 3919 ait
2271 3868 2499 3921 maximis

398 3955 596 4022 quidem
616 3955 875 4024 heroibus,
900 3957 1032 4010 inter
1046 3973 1169 4026 quos
1185 3956 1463 4021 Romulum,
1486 3953 1728 4006 Bacchum
1747 3963 1798 4004 et
1812 3951 2073 4006 Herculem
2098 3962 2250 4019 notat,
2269 3956 2496 4009 meritam

394 4037 589 4090 laudem
610 4040 894 4092 viventibus
912 4041 1145 4106 defuisse,
1162 4057 1253 4093 nec
1272 4042 1367 4094 nisi
1385 4039 1594 4092 mortuis
1611 4037 1764 4092 fuisse
1781 4055 2052 4092 concessam
2070 4059 2083 4104 3
2107 4039 2321 4104 Augusto
2335 4053 2497 4094 autem

551 4146 667 4183 nos.
706 4151 761 4184 u.
2125 4131 2211 4205 26
