3000 4684
525 380 679 473 xviij
861 381 990 448 DE
1039 328 1478 451 otuelus
1528 380 1647 447 ET
1702 382 2290 454 PROGREssU

619 524 786 591 Haec
820 518 1044 591 habui
1079 519 1170 591 de
1201 518 1445 590 Satiris
1487 518 1564 589 in
1612 542 1874 614 genere
1914 518 2260 603 dicenda:
2294 519 2503 619 plura
2535 522 2613 593 in

523 636 667 708 hoc
693 650 1124 732 argumento
1153 635 1502 707 disserere
1530 658 2060 733 supervacuum
2085 652 2295 709 esset.
2318 642 2398 709 ln
2422 639 2617 711 notis

524 752 792 823 nostris
834 752 1289 825 commodior
1333 752 1468 823 erit
1510 751 1717 823 locus
1758 753 2314 827 Horatianarum
2358 755 2615 827 Satira·-

525 895 687 957 rum
717 886 1046 945 naturam
1072 870 1480 943 enarrandi.
1514 874 1793 943 Interea
1828 869 2014 942 illud
2041 871 2263 944 velim
2294 872 2619 945 animad-

521 1002 748 1059 vertat
781 993 1059 1081 Lector,
1095 989 1434 1060 Latinum
1463 988 1903 1061 vocabulum
1952 990 2199 1062 Satirae
2242 1006 2383 1062 tam
2425 990 2615 1063 desi·

522 1131 738 1203 gnare
759 1132 1123 1180 sermones
1143 1109 1271 1205 qui
1297 1109 1642 1179 virtutem
1667 1109 2211 1197 commendent,
2238 1134 2457 1208 quam
2484 1110 2618 1207 qui

527 1226 696 1297 vitia
720 1227 1189 1299 insectentur.
1211 1228 1537 1298 Omnino
1560 1226 1768 1298 aliter
1792 1251 1867 1299 se
1890 1252 2005 1299 res
2024 1226 2245 1301 habet
2266 1229 2342 1299 in
2367 1228 2615 1322 lingua

522 1356 798 1436 nostra,
829 1342 957 1414 ubi
982 1344 1094 1415 vel
1125 1368 1397 1416 nomen
1428 1344 1669 1442 ipsum
1703 1344 1946 1415 Satirae
1973 1360 2325 1416 terrorem
2350 1343 2613 1414 incutit

522 1457 704 1550 illis,
751 1461 878 1557 qui
921 1486 998 1532 se
1041 1460 1388 1532 simulant
1423 1460 1500 1532 id
1534 1483 1689 1532 esse
1725 1460 1929 1557 quod
1966 1485 2121 1531 non
2156 1474 2371 1549 sunt;
2415 1459 2611 1557 apud

522 1598 660 1646 nos
709 1579 910 1648 enim
955 1576 1205 1649 audito
1253 1578 1494 1649 Satirae
1540 1579 1841 1649 nomine
1884 1582 2290 1650 convicium
2339 1573 2609 1648 intelli·

521 1696 736 1789 gitur.
791 1693 1059 1765 Eadem
1109 1709 1349 1765 tamen
1401 1693 1790 1792 utrobique
1828 1718 1971 1766 vox
2012 1708 2142 1765 est.
2187 1692 2331 1765 Sed
2373 1693 2609 1764 Latini

517 1813 947 1911 plerumque
988 1814 1065 1884 in
1107 1812 1463 1886 librorum
1505 1812 1735 1885 titulis
1768 1827 2241 1910 respexerunt
2273 1810 2471 1882 vocis
2503 1810 2613 1907 ip-

517 1931 668 2003 sius
725 1946 1092 2021 naturam,
1149 1946 1223 2007 et
1285 1932 1639 2027 integram
1694 1930 2337 2027 significationem,
2390 1952 2611 2026 quam

517 2046 737 2119 habet
769 2072 856 2118 ex
883 2047 1331 2143 Etymologia
1349 2102 1370 2139 ,
1397 2072 1627 2145 quum
1656 2044 1841 2119 Galli
1873 2047 2265 2145 respiciant
2290 2045 2613 2144 primum

519 2177 594 2233 et
644 2162 1208 2261 frequentiorem
1263 2164 1464 2235 vocis
1516 2189 1732 2235 usum
1782 2163 2067 2236 tributae
2108 2164 2255 2257 jam
2302 2161 2477 2234 inde
2514 2160 2609 2235 ab

517 2279 732 2349 initio
767 2280 1084 2352 dicteriis
1113 2296 1186 2353 et
1213 2280 1889 2353 obtrectationibus.

615 2395 1015 2467 Scribenda
1057 2412 1302 2469 autem
1337 2422 1420 2467 ea
1462 2421 1603 2468 vox
1652 2399 1899 2469 latine
1946 2422 2078 2494 per
2122 2422 2175 2467 ιι
2214 2394 2329 2465 vel
2369 2418 2497 2492 per
2538 2400 2607 2484 i,

521 2512 791 2586 Gallice
827 2540 958 2612 per
989 2520 1021 2584 ι’
1043 2516 1372 2613 simplex.
1408 2516 1553 2603 Qui
1587 2540 1719 2613 per
1736 2540 1804 2609 y·
1826 2517 2314 2614 scripserunt,
2353 2514 2407 2585 ii
2440 2537 2613 2585 cum

515 2632 898 2729 Scaligem,
919 2634 1217 2707 Heinsio
1247 2634 1639 2731 multisque
1660 2633 1817 2706 aliis
1851 2634 2338 2723 crediderunt,
2363 2656 2451 2703 ex
2476 2655 2616 2705 nu·
2670 2667 2677 2675 ·

521 2750 844 2837 minibus
879 2754 1195 2846 rusticiS,
1232 2779 1422 2851 quos
1445 2752 1673 2825 Graeci
1704 2757 2031 2848 Σατύρους,
2068 2750 2375 2825 Romani
2404 2754 2609 2823 Fau-

523 2892 654 2941 nos
679 2870 1232 2968 nuncupabant,
1258 2870 1564 2943 nomine
1581 2867 1775 2939 >dicta
1804 2868 2023 2941 suisse
2047 2864 2407 2964 ejusmodi
2435 2888 2611 2963 poe-

518 3004 734 3080 mata,
765 3013 951 3086 eque
977 3012 1156 3059 voce
1173 2991 1490 3079 Satyrus,
1516 2984 1809 3056 ductam
1836 3008 2091 3057 vocem
2108 2986 2404 3075 Sama3
2440 2982 2610 3053 istas

516 3121 855 3203 praeterea
915 3110 1213 3199 Samus
1273 3104 1719 3176 carminibus
1786 3106 2203 3176 Graecorum
2263 3098 2611 3193 Satyricis

519 3222 725 3294 valde
753 3223 973 3295 fuisse
997 3222 1286 3311 affines3
1311 3221 1513 3320 quod
1540 3246 1695 3292 esse
1724 3218 2185 3293 falsissimum
2204 3216 2613 3290 luculenter

520 3338 1042 3412 demonstravit
1087 3338 1595 3429 CasaubonuS,
1647 3335 1774 3408 ubi
1830 3336 2046 3407 docet
2093 3360 2135 3405 a
2178 3337 2477 3424 Satyrus
2522 3357 2613 3405 ex

516 3456 846 3553 analogia
870 3456 1165 3527 formari
1189 3480 1342 3527 non
1364 3458 1653 3549 Saqyra,
1672 3452 1803 3525 sed
1816 3455 2169 3545 Sam-ica,
2186 3449 2453 3549 plurim
2463 3473 2614 3521 um-

518 3601 662 3673 que
697 3577 1044 3647 interesse
1083 3574 1272 3645 inter
1304 3577 1721 3645 Graeeorum
1754 3572 2118 3670 Satyrica,
2152 3586 2224 3642 et
2256 3574 2618 3643 Romano—

517 3719 681 3764 rum
707 3695 992 3767 Satiras.

611 3810 1098 3907 spanhemius
1129 3811 1207 3881 in
1243 3808 1547 3907 pulchra
1580 3833 1708 3881 sua
1732 3807 1825 3879 ad
1849 3806 2117 3880 ,Iuliani
2144 3803 2611 3903 Imperatoris

513 3930 815 4000 Caesares
841 3926 1282 4023 praefatione,
1311 3924 1519 4024 plura
1545 3924 1635 3996 de
1668 3950 1861 3997 novo
1888 3924 2265 3996 observata
2291 3918 2611 3993 contulit
