3000 4684
1039 374 1226 441 Lm.
1281 375 1369 459 1,-
1397 373 1593 441 sAT.
1644 372 1781 439 111.

2358 368 2453 453 33

361 518 662 605 Natura,
693 526 808 583 aut
839 512 1046 581 etiam
1085 508 1500 579 consuetudo
1532 507 1745 595 mal-‘213
1782 532 2067 602 namque

364 628 704 727 Neglectis
741 626 996 698 urenda
1034 624 1176 695 filix
1210 628 1589 697 innascitur
1626 626 1824 719 agris

365 750 532 819 Illuc
569 763 1089 844 praevertamur,
1125 760 1496 815 amatorem
1535 741 1717 837 quod
1753 744 1979 813 amicae

325 858 622 961 Turpia
657 864 1008 960 decipiunt
1038 886 1286 933 caecum
1323 865 1521 950 vitia,
1558 878 1673 931 aut
1688 864 1902 931 etiam
1939 863 2081 957 ipsa
2112 863 2255 931 haec

365 981 757 1070 Delectant,
793 980 996 1051 veluti
1030 972 1404 1057 Balbinum
1423 978 1706 1074 polypus
1746 982 2022 1075 Hagnae.

371 1098 629 1169 Vellem
666 1100 740 1168 in
779 1098 1078 1169 amicitia
1113 1098 1208 1167 sic
1246 1115 1627 1195 erraremus
1652 1138 1679 1185 ,·
1706 1109 1775 1163 et
1808 1096 1921 1163 isti
1950 1150 1961 1164 .

371 1218 606 1287 Errori
639 1242 892 1288 nomen
931 1218 1142 1287 virtus
1180 1217 1509 1309 posuisset
1542 1212 1925 1292 honestum,

373 1340 464 1407 At
493 1352 686 1432 pater
716 1352 791 1407 ut
825 1336 1048 1431 gnati,
1081 1335 1178 1403 sic
1211 1358 1336 1403 nos
1371 1331 1729 1421 debemus»,
1763 1330 1961 1400 amici

370 1455 442 1525 si
476 1454 657 1549 quod
693 1456 785 1524 sit
815 1456 1098 1542 vitium,
1135 1477 1273 1521 non
1310 1449 1649 1540 fastidire3
1686 1430 2063 1519 strabonem

373 1571 684 1667 Appellat
712 1588 958 1667 paetum
995 1588 1216 1667 pater,
1251 1587 1322 1641 et
1340 1568 1649 1665 pullum,
1682 1567 1853 1640 male
1888 1594 2163 1664 parvus
2222 1592 2225 1595 ’

374 1822 447 1832 --
469 1811 698 1864 rumque
737 1794 999 1863 Neglectis
1041 1794 1236 1848 urenda
1251 1795 1390 1866 filix

2396 1572 2471 1639 45

1459 1794 1844 1863 Misamhrope,
1870 1805 1963 1845 act.
1995 1795 2075 1859 11,
2103 1812 2171 1845 sc.
2192 1793 2262 1845 V.
2286 1794 2383 1847 Eo.
2406 1826 2495 1841 —-

378 1878 585 1927 ιἠηαεο.
607 1878 781 1945 αὸνίε,
806 1895 897 1945 per
913 1878 1199 1945 imaginem,
1219 1897 1250 1931 a
1267 1880 1392 1933 filice
1449 1880 1693 1949 polypus,
1718 1880 1779 1932 de
1798 1878 1891 1930 hoc
1910 1886 2037 1929 tetro
2063 1878 2255 1929 narium
2282 1882 2472 1949 morbo,

381 1960 436 2011 in
468 1960 597 2026 agris
631 1960 862 2026 neglectis
894 1972 1121 2017 nascente
1153 1967 1386 2033 petitam,

375 2044 658 2111 exprimere
677 2044 830 2099 voluit
850 2046 971 2097 hoc:
1005 2062 1135 2109 nam,
1150 2049 1388 2118 quemad-.-

377 2128 575 2180 modum
589 2128 711 2191 filix,
723 2129 852 2195 agris
866 2131 1098 2197 neglectis
1111 2132 1160 2183 in
1167 2150 1386 2195 nascens,

378 2213 580 2275 urenda,
595 2212 670 2265 ita
692 2212 834 2279 vitia,
856 2232 965 2284 qnae
987 2226 1074 2267 aut
1095 2228 1286 2280 natura,
1305 2228 1392 2269 aut

377 2296 502 2349 mala
530 2298 830 2349 consuetudo
851 2299 1049 2361 insevit,
1070 2300 1320 2353 evellenda
1341 2310 1393 2354 et

378 2380 688 2447 exstirpanda
711 2390 828 2432 sunt
847 2398 910 2433 ex
927 2384 1113 2434 animo.

454 2472 540 2514 38.
579 2462 722 2515 Illae
759 2477 1154 2537 proevenamuf,
1197 2484 1386 2520 nexus:

333 2544 336 2549 ’
383 2546 498 2607 Sed,
514 2546 806 2604 missisaliis
819 2548 932 2616 (hoc
953 2549 1081 2600 inest
1095 2550 1244 2601 verbo
1261 2566 1392 2602 com-

386 2630 546 2697 posito
555 2631 830 2699 prot-vem),
851 2632 1106 2683 redeamus
1123 2632 1307 2699 (illuc),
1329 2632 1390 2684 ad

387 2714 438 2767 id
475 2714 690 2767 locorum
705 2752 720 2781 ‚
753 2716 838 2766 ubi
871 2716 1042 2767 videre
1075 2713 1218 2777 licet,
1252 2714 1399 2787 quod

384 2798 686 2868 (quatenus)
709 2799 878 2869 turpia
901 2798 1032 2849 vitia
1054 2800 1235 2850 amicoe
1256 2797 1394 2851 deci-

375 2882 536 2952 piunt
567 2892 853 2931 amator-em.
880 2910 944 2920 -
973 2893 1069 2969 aget
1099 2883 1248 2932 etrum
1282 2882 1392 2949 ipsa
1425 2876 1432 2896 '

383 2964 504 3015 hoec
518 2965 802 3023 Delectant,
817 2964 879 3014 de
897 2964 1092 3030 ingenio
1105 2975 1392 3030 amatorum,

383 3058 472 3099 aut
501 3048 629 3101 vitia
658 3045 920 3099 amicarum
963 3047 1110 3115 plene
1145 3066 1240 3099 non
1277 3049 1393 3099 ani-

383 3130 820 3196 madvertentium,
847 3140 932 3181 aut
959 3146 1020 3181 ex
1045 3130 1394 3181 animadversis

381 3214 676 3281 voluptatem
703 3212 826 3265 adeo
851 3212 1153 3280 captantium
1179 3212 1398 3264 laudavit

1457 1980 1547 2015 seu
1566 1964 1741 2015 tubere
1756 1963 1859 2029 agit
1876 1961 2150 2029 CelsusVI,
2168 1973 2218 2026 8,
2237 1973 2265 2013 2
2277 2001 2289 2014 .
2306 1962 2475 2016 Prima

1457 2048 1641 2117 syllaba
1660 2086 1675 2114 ,
1710 2047 1852 2116 quasi
1883 2046 2182 2099 scriberetur
2203 2046 2469 2118 pollypus,

2390 930 2505 1047 4⁰-

1457 2131 1761 2197 producitur,
1772 2140 1827 2180 ut
1840 2129 2189 2199 primasyllaba
2205 2128 2259 2181 in
2276 2132 2478 2201 religio,

1459 2215 1661 2272 retum,
1702 2215 1845 2283 quasi
1883 2215 2204 2277 scriberetur,
2241 2216 2476 2287 relligio,

1463 2296 1669 2349 rettulit.
1674 2297 1933 2387 ’,Ηαςηιε
1960 2314 2121 2363 graeoe
2151 2297 2399 2350 libertinoe
2418 2317 2479 2374 ex

1461 2394 1649 2445 (ξι-ποστ
1670 2388 1840 2452 &fv-nc.
1858 2381 1980 2433 Vid.
1998 2382 2181 2434 Bentls

1536 2476 1623 2516 ⁴¹.
1658 2464 1901 2517 Vellem³
1876 2484 1935 2516 ιη
1961 2468 2205 2527 ωηίσιῖιὶι,
2234 2478 2327 2519 etc.
2355 2468 2479 2521 Vel-

1463 2549 1559 2600 lem
1592 2550 1763 2617 igitur,
1786 2560 1842 2602 ut
1864 2551 1947 2604 hic
1972 2568 2113 2603 error
2130 2562 2398 2604 amatorum
2424 2554 2477 2605 in

1462 2632 1727 2685 amicat-um
1747 2634 1887 2685 vitiis
1915 2632 2072 2687 locum
2101 2634 2307 2687 haberet
2326 2636 2475 2699 etiam
2562 2622 2583 2643 Χ

1463 2714 1519 2767 in
1542 2716 1758 2776 amicitia
1774 2753 1790 2783 ,
1817 2727 1869 2768 et
1898 2734 1989 2785 pro
2012 2718 2292 2772 honestiore
2313 2738 2479 2774 ermre

1464 2797 1735 2849 haberetur
1776 2807 1976 2865 propter
2014 2799 2245 2853 virtutem
2272 2840 2286 2869 ,
2333 2803 2388 2856 h.
2426 2822 2475 2856 e.

1465 2880 1757 2934 laudandam
1792 2880 2163 2947 indulgentiam.
2188 2912 2257 2923 -
2274 2888 2351 2937 At
2380 2887 2478 2953 jam

1464 2981 1590 3032 pro:
1618 2964 1871 3015 enimvero
1886 2981 1906 3026 ,-
1924 2976 2075 3033 pater·
2104 2978 2165 3015 ut
2186 2968 2360 3034 gnati,
2380 2979 2474 3021 etc.

1464 3050 1657 3116 Junge:
1683 3062 1739 3100 αι
1754 3060 1908 3119 pater·
1930 3061 1987 3099 ut
2006 3051 2162 3117 gnati
2175 3050 2349 3103 vitium
2378 3069 2477 3105 non

1465 3134 1687 3199 fastidit,
1708 3135 1783 3186 sic
1810 3149 1928 3191 nos,
1962 3133 2016 3183 si
2036 3131 2183 3205 quod
2200 3134 2389 3184 vitium
2418 3136 2485 3187 sit

1465 3219 1651 3279 amici,
1697 3236 1802 3269 non
1831 3212 2082 3285 firsffdire
2112 3216 2367 3269 debemus.
2407 3248 2479 3259 —-

387 3296 662 3347 Gesner-us.
676 3296 807 3348 Plat.
820 3296 882 3347 de
895 3294 1180 3365 Repub1.V,
1202 3312 1248 3363 p.
1263 3306 1396 3361 ⁴⁷⁴3
1449 3297 1715 3367 fastidire,
1724 3317 1977 3369 spernere,
1991 3299 2281 3367 dedignari;
2302 3302 2479 3354 vocalis

383 3378 582 3431 Lucret.
599 3378 697 3445 1V,
717 3391 740 3430 ι
754 3388 852 3429 tus
879 3394 989 3447 sqq.
1017 3388 1127 3447 post
1145 3394 1228 3430 eos
1244 3376 1392 3429 ovid.

384 3460 496 3513 Art.
513 3460 628 3513 Am.
649 3463 720 3527 ll,
741 3474 842 3515 65⁸1
867 3481 935 3513 :st
955 3460 1257 3513 Nominibus
1277 3462 1399 3512 mol-

381 3546 478 3597 lire
495 3544 614 3596 licet
630 3547 783 3598 mala:
811 3546 944 3597 fusca
964 3554 1174 3609 vocetur,
1195 3542 1402 3610 Nigrior

381 3627 580 3697 illyrica
603 3628 683 3681 cui
701 3629 809 3697 pice
829 3627 1027 3693 sanguis
1045 3628 1158 3677 erit.
1190 3625 1242 3676 Si
1275 3636 1398 3693 paeta

379 3723 456 3763 est
471 3750 487 3774 ‚
530 3712 724 3783 Veneri
758 3711 940 3763 similis
964 3730 975 3759 :
1019 3711 1060 3761 si
1097 3711 1219 3761 flava
1234 3747 1251 3776 ,
1286 3711 1396 3765 Mi-

382 3813 559 3848 πεπυ.
595 3796 672 3847 Sit
697 3795 926 3863 gracilis,
951 3794 1106 3845 macie
1135 3810 1242 3862 quae
1271 3794 1398 3848 male

381 3883 486 3933 viva
510 3898 598 3933 sua
629 3892 724 3933 est.
755 3901 784 3929 a»
803 3880 956 3949 Apud
977 3880 1272 3931 recentiores
1291 3880 1402 3930 Μο-

381 3964 554 4017 lierius
607 3976 782 4018 noster
827 3963 1052 4015 eamdem
1106 3965 1401 4015 sententiam

1467 3400 1496 3433 e
1516 3384 1677 3435 brevis
1697 3384 2015 3453 sequentibus
2032 3383 2189 3435 literis
2202 3396 2292 3443 ser,
2312 3395 2479 3437 manet

1469 3462 1653 3524 brevis}
1675 3464 1741 3515 cf.
1766 3464 1826 3515 ad
1846 3464 1950 3515 Sat.
1971 3464 2019 3530 1,
2041 3474 2093 3530 2,
2118 3466 2474 3525 ³0.--str·abo‚

1468 3547 1555 3615 qui
1574 3548 1831 3617 detorquet
1848 3546 2009 3601 oculos
2028 3564 2040 3596 ι
2064 3562 2173 3613 nos,
2185 3531 2481 3597 &azecha-.-

1463 3644 1634 3700 peetus
1643 3666 1661 3693 ,
1696 3631 1963 3697 interprete
1985 3638 2151 3693 vetere
2181 3627 2478 3694 Scholiasta,

1467 3710 1689 3774 dicitur,
1734 3714 1835 3783 qui
1861 3710 2095 3761 tremulis
2126 3724 2200 3762 est
2232 3712 2397 3763 ocule}
2430 3726 2481 3765 et

1471 3797 1654 3847 lem‘ter·
1692 3792 2003 3857 declinauze,-
2050 3810 2139 3845 nos
2184 3796 2287 3848 sere
2312 3812 2325 3846 :
2379 3794 2480 3849 cli-

1469 3893 1679 3949 gnotter·
1693 3876 1781 3928 des
1798 3894 1961 3947 yeux.
1978 3906 2044 3917 --
2060 3891 2111 3928 et
2127 3880 2357 3949 pullum,
2384 3892 2474 3935 etc.
2505 3924 2513 3931 .

1475 3976 1529 4017 et
1556 3965 1601 4015 si
1632 3964 1748 4032 quis
1785 3962 1933 4012 habet
1970 3962 2123 4015 lilium
2154 3966 2287 4017 male
2318 3966 2407 4036 (h.
2430 3984 2477 4020 e.

383 4052 622 4118 expressit
652 4051 704 4102 in
727 4050 963 4102 comoedia
982 4086 996 4112 ‚
1034 4050 1113 4100 cui
1153 4049 1322 4100 titulus
1357 4048 1406 4099 le
1476 4058 1657 4117 praeter
1675 4044 1891 4113 modum,
1910 4058 1963 4097 ut
1979 4065 2027 4098 v.
2048 4058 2137 4111 45,
2156 4048 2220 4100 cf.
2246 4050 2309 4101 ad
2324 4068 2375 4100 v.
2396 4049 2482 4115 26)

527 4160 646 4195 ROB.
679 4160 736 4193 11.

2146 4138 2187 4207 3
