3000 4684
478 290 620 373 408

1047 291 1134 380 Q.
1186 293 1607 363 nonATu
1656 296 2007 365 FLAccl

476 425 839 521 Civilisque
873 427 1110 497 rudem
1144 426 1305 498 belli
1337 428 1489 499 tulit
1522 446 1715 502 aestus
1746 433 1816 501 in
1853 457 2076 524 arma,

475 545 751 615 Caesaris
781 547 1063 641 Augusti
1098 572 1233 616 non
1271 571 1672 642 responsura
1710 546 1995 620 lacertis.

475 660 678 732 Unde
711 662 908 734 simul
941 665 1238 758 primum
1275 691 1383 736 me
1416 665 1733 738 dimisere
1762 667 2093 764 Philippi,

475 782 734 851 Decisis
768 781 1093 852 humilem
1127 785 1404 878 penniS,
1439 787 1841 880 inopemque
1872 786 2143 882 paterni

475 903 563 970 Et
593 899 789 990 lariS‚
825 917 892 972 et
924 901 1149 993 fundi,
1186 919 1541 999 paupertas
1575 904 1841 1000 impulit
1874 903 2131 995 audax,

478 1021 575 1088 Ut
597 1044 822 1092 versus
846 1021 1156 1097 facerem.
1185 1021 1346 1112 Sed,
1373 1025 1554 1118 quod
1579 1051 1717 1097 non
1742 1024 1947 1116 desit,
1971 1025 2367 1114 habentem,

475 1209 672 1262 Livium
690 1229 705 1275 3
725 1207 946 1276 exempla
957 1207 1148 1274 collegit
1159 1207 1407 1259 Drakenb.
1425 1207 1490 1259 ad

475 1293 595 1344 Lib.
619 1291 768 1343 XLII
789 1329 805 1353 ,
837 1301 902 1343 ss
923 1327 940 1356 ,
969 1287 996 1359 ς
1023 1301 1075 1342 e.
1107 1319 1178 1328 —
1211 1287 1490 1361 cabilisqae

479 1373 691 1437 radan,
727 1383 826 1428 etc.
865 1373 933 1424 Et
965 1371 1163 1442 (enbitis
1192 1373 1377 1442 oeuus)
1411 1374 1488 1426 ci-

477 1462 613 1513 vium
637 1457 776 1511 furor
798 1466 849 1510 et
867 1458 1077 1525 impetus
1098 1453 1312 1523 (nedem
1331 1454 1460 1506 belli
1466 1456 1487 1521 )

481 1563 595 1609 me,
623 1539 747 1597 artis
772 1542 954 1594 bellice
985 1541 1144 1594 adhue
1172 1541 1454 1610 imperitum
1471 1579 1486 1606 ,

479 1628 670 1698 (tulit)
683 1625 890 1680 abstulit
907 1633 961 1675 et
983 1624 1221 1693 protrusit
1240 1624 1294 1675 in
1317 1640 1453 1676 arma
1472 1662 1487 1692 ,

481 1715 620 1784 (non
651 1711 987 1780 nepoti-eura)
1027 1695 1126 1761 non
1152 1707 1291 1776 paria
1323 1709 1490 1762 futura

481 1797 691 1852 Caesaris
710 1793 922 1862 Augusti
953 1791 1216 1862 (lacerus)
1249 1793 1415 1845 robori
1437 1803 1491 1846 et

479 1883 688 1934 viribus.
711 1903 781 1916 ——
798 1887 981 1935 testas,
1011 1875 1162 1928 maris
1182 1872 1418 1927 tumultus
1439 1884 1492 1928 et

481 1965 644 2018 fervor
673 1961 850 2030 sapius
881 1959 944 2012 ad
973 1957 1128 2010 animi
1165 1957 1406 2010 servorem
1437 1968 1490 2010 et

483 2045 747 2102 tumultum
769 2080 788 2113 ,
832 2055 884 2096 et
923 2043 1131 2111 proinde
1167 2041 1230 2094 sd
1273 2041 1490 2096 furorem

479 2149 673 2204 qnoque
688 2167 704 2198 ,
733 2147 833 2199 quo
855 2127 986 2181 bella
1007 2127 1176 2180 civilis
1201 2129 1386 2180 moveri
1408 2128 1492 2180 di-

483 2229 692 2281 cuntur,
729 2212 1041 2264 transfertur.
1070 2239 1142 2250 —-
1169 2212 1228 2262 ἰη
1255 2228 1429 2276 ama,
1463 2228 1492 2264 a

481 2303 639 2356 Bruto
665 2308 715 2351 et
743 2297 918 2349 Cassio
947 2305 1117 2349 contra
1141 2294 1416 2350 Antonium
1441 2307 1496 2350 et

483 2385 806 2440 Octavianum
816 2389 983 2449 oep1a3
1001 2378 1220 2430 delatum
1239 2391 1405 2432 autem
1421 2390 1500 2432 est

486 2467 696 2523 Horatio
727 2479 904 2517 munus
937 2462 1130 2515 tribuni
1155 2481 1170 2530 ;
1211 2462 1317 2513 vid.
1354 2479 1490 2531 supr.

487 2553 665 2614 Sat-1,
690 2561 752 2611 6,
782 2559 884 2599 *ει
923 2544 1116 2613 «Quod
1146 2546 1274 2598 mihi
1303 2557 1500 2615 pareret

487 2638 616 2705 legio
625 2635 846 2688 Romana
865 2631 1082 2684 tribuno.
1103 2651 1131 2679 n
1147 2659 1218 2670 -
1232 2646 1500 2700 &sponsu-

491 2739 582 2782 m,
602 2713 846 2790 quialicui
857 2713 932 2766 rei
947 2729 1038 2782 par
1049 2721 1124 2766 est
1141 2751 1157 2780 ,
1174 2713 1252 2764 vel
1271 2714 1502 2766 resistere

493 2814 679 2877 potest,
708 2801 757 2855 ei
781 2795 1078 2870 respondere
1099 2798 1177 2850 vel
1199 2813 1502 2868 responsas-e

429 2921 442 2930 ·
489 2891 702 2953 dieitur-3
722 2885 823 2938 vid.
846 2901 984 2952 supr.
1003 2883 1066 2934 ad
1089 2881 1191 2934 Sat.
1213 2882 1296 2948 11,
1323 2894 1376 2950 ’1,
1399 2892 1498 2949 8⁸;

495 2974 598 3027 Cie-
613 2972 666 3024 in
678 2969 826 3022 Catil.
841 2967 922 3036 11,
942 2977 965 3016 t
977 2977 999 3016 ι
1025 2983 1038 3014 :
1059 2985 1086 3012 α
1102 2963 1214 3017 Jam
1227 2982 1342 3018 vero
1355 2967 1505 3019 urbes

493 3051 856 3125 provinciarum
896 3059 948 3100 et
983 3047 1360 3115 municipiorum
1396 3065 1509 3100 res-

492 3133 791 3208 pondebunt
803 3130 1034 3185 catilina
1051 3128 1254 3182 tumulis
1274 3131 1513 3183 silvestri-

505 3223 612 3273 bus.
627 3239 656 3268 n

573 3314 662 3362 49.
703 3297 880 3358 Unde,
910 3315 939 3350 a
961 3314 1058 3367 qua
1081 3297 1279 3365 quidem
1306 3297 1507 3351 militia.

503 3415 574 3426 —
599 3383 757 3436 simul
779 3383 1006 3452 pn'mmn
1021 3420 1036 3444 ,
1069 3379 1218 3432 simul
1249 3397 1322 3432 ae.
1341 3409 1411 3419 --
1434 3399 1516 3433 me

502 3469 668 3522 dimi-s.
689 3465 942 3542 Philippi,
969 3481 1124 3534 quum
1144 3463 1377 3517 Horatius
1404 3475 1516 3533 post

500 3556 744 3608 funestam
763 3549 826 3602 ad
842 3549 1099 3617 Philippos
1121 3563 1330 3617 pugnam
1349 3549 1403 3599 in
1421 3565 1507 3600 oe·

499 3637 593 3690 leri
615 3637 725 3702 fuga
741 3633 1042 3704 quaesivisset
1061 3631 1268 3684 salutem
1283 3671 1298 3696 ,
1331 3635 1505 3701 (supr.

504 3719 605 3774 od.
629 3721 683 3771 11
699 3758 714 3786 ,
742 3730 789 3781 ’1,
813 3729 904 3770 10:
927 3717 1158 3769 «Tecum
1177 3715 1440 3788 Philippos
1461 3729 1515 3771 et

503 3804 710 3856 celerem
725 3803 885 3869 fugam
901 3801 1041 3854 Sensi
1057 3840 1072 3863 ‚
1093 3801 1260 3854 relicta
1273 3819 1372 3856 non
1385 3803 1515 3856 bene

507 3887 751 3953 parmula,
769 3884 831 3953 n)
865 3885 1026 3953 lepide
1047 3885 1148 3952 jam
1179 3885 1436 3954 Philippos
1461 3891 1537 3939 se’

508 3966 754 4018 dimisisse
761 3967 1128 4022 aisa—Decio&
1141 3966 1379 4020 humioem
1389 3987 1511 4036 pen-

1561 1208 1645 1258 nis
1656 1244 1671 1268 ,
1693 1209 1783 1278 qui
1802 1227 1865 1262 ex
1880 1209 1985 1264 loeo
2002 1206 2177 1261 altiore
2192 1205 2407 1273 deiectus
2422 1213 2499 1257 est
2518 1202 2573 1256 in

1561 1293 1875 1346 humiliorem
1890 1332 1905 1357 ‚
1940 1293 2019 1346 vel
2039 1309 2105 1344 ex
2124 1299 2255 1343 sorte
2274 1289 2459 1342 latiore
2480 1289 2574 1341 de-

1561 1395 1755 1446 pressus
1772 1387 1849 1430 est
1873 1377 1935 1430 ad
1958 1375 2225 1430 tristiorem
2244 1411 2260 1441 ,
2298 1373 2346 1426 ei
2369 1388 2573 1443 prover-

1560 1460 1682 1514 biali
1702 1460 1947 1514 locutione
1960 1499 1975 1524 ‚
2013 1460 2065 1511 in
2096 1457 2355 1512 vernacula
2383 1473 2579 1526 quoque

1560 1545 1691 1613 apud
1704 1561 1793 1599 nos
1806 1545 2007 1612 usitata,
2028 1559 2219 1616 pennoe
2232 1543 2308 1594 vel
2325 1541 2425 1593 ‹11oe
2438 1537 2577 1592 dece·-

1564 1645 1635 1680 roe
1648 1645 1756 1680 esse
1768 1627 2001 1681 dimntur
2014 1647 2031 1692 3
2047 1656 2119 1668 --
2130 1625 2336 1678 humez&
2346 1661 2365 1686 ,
2392 1640 2575 1678 aenom-

1562 1712 1757 1764 modste
1780 1713 1845 1764 ad
1862 1728 1992 1772 rem,
2023 1709 2109 1778 qni
2128 1747 2143 1775 ,
2168 1707 2347 1762 decisis
2365 1707 2546 1776 pennis
2560 1745 2575 1773 ,

1562 1813 1659 1848 non
1675 1796 1887 1865 amplius
1904 1813 1967 1848 ex
1978 1796 2134 1847 humo
2148 1794 2203 1846 in
2217 1793 2369 1846 altum
2385 1792 2548 1844 volare
2562 1828 2578 1854 ‚

1561 1879 1618 1930 h.
1665 1897 1711 1932 e.
1750 1879 1815 1932 sd
1844 1887 2179 1947 paupertatem
2218 1877 2439 1930 redasttis
2476 1891 2578 1927 non

1562 1963 1775 2031 amplius
1807 1979 1861 2014 se
1897 1961 2131 2015 extollere
2170 1972 2222 2014 et
2248 1961 2385 2014 laute
2416 1959 2582 2012 vivere

1562 2057 1742 2116 potest.
1754 2060 2106 2118 —paupenas
2120 2043 2318 2106 audax,
2340 2059 2582 2114 pauperes

1563 2133 1699 2186 enim
1715 2133 1779 2185 ad
1792 2133 1969 2185 famem
1984 2130 2257 2200 pellendam
2272 2139 2468 2181 tentant
2483 2145 2585 2180 au-

1563 2213 1785 2286 dentque
1799 2215 1986 2266 omnia.
2014 2213 2075 2264 In
2095 2213 2222 2264 hane
2244 2211 2349 2262 l'ere
2368 2220 2587 2263 senten-

1565 2297 1683 2348 tiam
1708 2297 1906 2348 Persius
1932 2297 1985 2347 in
2006 2295 2215 2360 Prologo
2234 2311 2287 2344 v.
2314 2303 2410 2360 8⁷,
2439 2309 2583 2362 seqq.

1571 2399 1599 2427 ιι
1614 2379 1740 2447 Quis
1755 2378 2004 2448 expedivit
2024 2379 2229 2448 psittaco
2244 2394 2391 2431 sunm
2404 2377 2557 2446 Χαῖρε
2570 2417 2586 2442 ,

1564 2463 1803 2532 Pisasque
1824 2463 1991 2515 docuit
2016 2463 2167 2516 verba
2192 2473 2360 2515 nostra
2382 2460 2587 2514 conari?

1568 2545 1809 2612 Magister
1855 2546 1978 2597 artis
2006 2583 2021 2613 ,
2071 2545 2335 2613 ingeritque
2384 2543 2585 2610 largitor

1570 2629 1767 2693 Venter
1784 2667 1800 2698 ,
1822 2641 2017 2698 negatas
2034 2630 2217 2682 artifex
2230 2628 2373 2698 sequi
2385 2643 2580 2682 voees.»

1572 2711 1805 2766 Ceterum
1840 2711 2077 2765 Horatius
2116 2712 2417 2782 paupertatis
2435 2750 2450 2780 ,
2488 2726 2587 2779 qua

1574 2796 1637 2848 sd
1660 2813 1831 2848 versus
1856 2796 2141 2850 scribendos
2166 2813 2220 2848 se
2239 2797 2459 2848 adactum
2480 2809 2589 2846 me

1573 2881 1775 2934 simulat
1788 2919 1804 2945 ‚
1832 2879 2139 2950 professione
2158 2889 2325 2949 poetas
2343 2879 2587 2933 famelicos

1576 2975 1748 3018 notare
1766 2975 1819 3016 et
1832 2965 2062 3018 deridere
2078 2963 2289 3018 voluisse
2309 2963 2523 3016 videtur.

1656 3059 1743 3101 ⁸2.
1784 3048 1917 3108 Sed,
1962 3047 2110 3121 quod
2146 3066 2251 3100 non
2286 3045 2449 3105 desa,
2492 3056 2586 3098 ete.

1582 3132 1727 3186 Hune
1754 3133 1913 3186 locum
1930 3169 1947 3197 ,
1982 3134 2072 3202 qui
2106 3132 2267 3201 plures
2298 3130 2595 3198 interpretes

1586 3219 1765 3272 misere
1802 3216 1947 3269 torsit
1963 3255 1979 3282 ,
2024 3217 2093 3268 ita
2126 3215 2452 3280 interpretor:
2492 3213 2595 3265 Sed

1585 3319 1718 3355 nune
1732 3317 1811 3353 me
1828 3299 2152 3370 possidentem
2166 3335 2181 3360 ‚
2202 3294 2373 3368 (quod
2386 3314 2493 3348 non
2508 3295 2601 3349 de-

1585 3387 1678 3456 sit)
1697 3397 1934 3455 quantum
1954 3384 2069 3436 satis
2084 3379 2153 3434 sit
2166 3420 2183 3446 ‚
2204 3378 2306 3433 nisi
2330 3382 2383 3433 in
2400 3381 2495 3434 hae
2513 3399 2597 3435 re-

1585 3488 1699 3523 rum
1740 3485 1959 3522 mearum
1998 3466 2283 3519 conditione
2318 3464 2596 3535 (domim,

1582 3551 1760 3616 ιῦδιιν,
1776 3553 1872 3605 vid.
1888 3551 2094 3605 Stnnlei.
2108 3551 2169 3603 ad
2188 3549 2409 3621 AEsehyl.
2421 3549 2591 3618 Agsm.

1584 3642 1722 3706 3⁴⁸)
1752 3638 1908 3708 quieti
1940 3636 2226 3703 indulgere,
2258 3651 2406 3704 quam
2430 3651 2597 3688 versus

1582 3723 1800 3776 seribere
1815 3723 1985 3774 malim
2003 3761 2019 3784 ‚
2039 3739 2151 3792 qnae
2170 3721 2365 3772 tandem
2385 3735 2596 3788 unquam

1583 3807 1752 3858 cicutas
1764 3804 1827 3856 ab
1840 3807 2037 3857 insania
2048 3803 2237 3872 poetica
2252 3819 2331 3854 me
2342 3803 2462 3854 satis
2482 3819 2600 3871 pnr-

1584 3905 1697 3954 gare
1706 3886 1968 3956 poterunt?
1978 3886 2172 3938 brevius
2183 3901 2198 3935 ι
2209 3885 2297 3936 sed
2306 3901 2457 3954 quum
2469 3899 2597 3934 nune

1587 3971 1790 4024 habeam
1801 4009 1817 4038 ,
1859 3979 2098 4039 quantum
2141 3984 2266 4038 opus
2300 3977 2403 4028 est,
2444 3964 2601 4032 (santa
