3000 4684
473 250 618 340 434
1223 250 1822 321 PROOEMIUM

480 422 546 471 et
575 405 652 469 iis
675 405 867 470 etiam
888 452 906 484 ,
933 405 1168 491 quibus
1197 426 1334 470 non
1361 404 1571 470 fuerat
1594 389 2011 492 peculiariter
2034 402 2347 492 scriptum
2368 453 2386 484 ,
2414 429 2580 494 opus

479 536 667 578 suum
703 512 1120 600 approbaret.
1159 510 1533 576 Accedebat
1560 527 1627 575 et
1660 509 1787 576 hoc
1818 510 2137 597 optimum
2153 558 2171 590 ,
2203 512 2385 599 quod
2408 537 2577 580 nova

397 625 404 632 ’
477 624 784 689 nimirum
799 625 1186 709 Nostroque,
1215 638 1289 687 ut
1309 621 1593 701 videtur,
1620 637 1802 709 grata
1822 643 2079 709 semper
2101 622 2355 688 occasio
2377 642 2571 706 esset,

479 734 682 801 malos
709 747 957 822 poetas,
974 733 1090 820 qui
1105 731 1441 798 absurdius
1460 733 2107 821 circumstrepebant,
2124 737 2572 824 contemptim,

481 859 556 934 ut
582 865 704 931 par
733 859 873 911 erat
888 890 909 922 ,
937 841 1334 907 deridendos
1363 841 1797 930 propinandi,
1826 839 2279 930 probandique
2313 867 2423 910 eos
2440 893 2461 925 ,
2490 850 2577 911 n'e

480 951 690 1039 prima
709 950 972 1038 quidem
988 951 1142 1016 artis
1157 949 1476 1016 elementa
1492 951 1774 1030 novisse,
1792 973 1987 1038 quam
2004 966 2223 1017 tamen
2240 952 2374 1018 ausi
2392 969 2579 1019 erant

483 1057 798 1146 profiteri.

576 1166 773 1251 Quod
807 1166 861 1230 si
897 1183 1111 1232 autem
1147 1189 1291 1232 eam
1324 1166 1515 1231 fiiisse
1550 1165 1882 1232 admiseris
1914 1166 2318 1234 occasionem
2333 1168 2575 1256 ,idque

485 1273 820 1339 consilium
850 1272 1208 1339 scribendae
1237 1273 1427 1360 hujus
1456 1271 1543 1337 ad
1571 1273 1838 1340 Pisones
1858 1275 2181 1361 Epistoloe,
2206 1276 2427 1341 omnia
2442 1277 2577 1360 jam

483 1379 656 1445 clara
685 1397 753 1445 et
779 1381 1150 1468 perspicua,
1181 1401 1331 1445 meo
1365 1378 1629 1466 quidem
1656 1379 1901 1464 judicio
1917 1426 1935 1460 ,
1968 1395 2037 1446 et
2061 1380 2145 1445 ad
2178 1384 2577 1470 propositam

482 1509 626 1554 'rem
671 1487 908 1553 senties
947 1485 1456 1552 accommodata.
1503 1487 1758 1551 Poetioa
1802 1488 2066 1553 scilicet‘
2084 1511 2186 1554 ars
2228 1489 2346 1554 ista
2368 1492 2579 1580 ,vulgo

486 1596 657 1662 dicta
677 1641 696 1674 ,
736 1618 878 1682 quae
898 1640 917 1674 ,
949 1595 1106 1660 dum
1143 1597 1430 1683 poetices
1459 1595 1663 1664 veluti
1698 1596 2163 1684 compendium
2194 1597 2575 1680 habebitur,

487 1704 648 1772 nihil
663 1706 786 1770 nisi
805 1703 970 1768 male
985 1723 1251 1782 nexum,
1268 1719 1336 1768 et
1353 1704 1560 1784 futile,
1578 1720 1647 1769 et
1664 1704 1853 1792 nugis
1869 1705 2253 1794 ineptiisque
2272 1707 2577 1773 infartum

487 1815 818 1883 videbitur
839 1836 1028 1902 opus;
1045 1816 1180 1899 jam
1199 1813 1312 1878 fiet
1331 1815 1645 1902 scriptum
1662 1815 1935 1880 Horatio
1956 1814 2251 1903 dignum,
2273 1817 2580 1904 primum·

491 1950 618 2014 que
643 1927 815 1992 inter
839 1928 975 2012 ejus
999 1928 1348 1992 Sermones
1371 1924 1591 1990 locum
1618 1924 1979 2002 obtinebit3
2014 1925 2210 1991 modo
2234 1926 2585 1992 attenderis

487 2033 571 2098 ad
591 2048 876 2100 mentem
898 2048 1106 2120 poetae
1121 2079 1139 2111 ,
1175 2031 1288 2119 qui
1311 2032 1649 2120 epistolam
1671 2031 1843 2098 hanc
1866 2031 2123 2120 scripsit
2146 2032 2235 2097 ob
2257 2032 2327 2097 id
2352 2055 2551 2098 unum
2559 2081 2579 2112 ,

489 2143 694 2232 quod,
720 2167 802 2208 ex
823 2146 898 2207 L.
923 2143 1174 2208 Pisonis
1194 2142 1553 2222 voluntate,
1580 2143 1784 2209 filium
1810 2147 1946 2229 ejus
1971 2166 2010 2207 a
2036 2144 2289 2231 poetica
2307 2143 2583 2209 deterri—

489 2270 628 2318 tum
650 2253 843 2319 vellet
858 2299 877 2332 ,
899 2251 1197 2340 dum‘ipsi
1213 2301 1232 2333 ,
1257 2253 1621 2319 abstrusum
1644 2251 1965 2340 quidquid
1986 2251 2219 2316 habeat
2243 2251 2453 2339 poesis
2467 2299 2484 2331 ,
2510 2275 2583 2316 se

487 2360 975 2449 explanaturum
999 2361 1441 2448 polliceretur.
1481 2365 1611 2426 Fac
1657 2362 1855 2450 igitur
1900 2362 2022 2426 tale
2066 2361 2256 2426 fuisse
2302 2363 2587 2428 auctoris

492 2469 828 2537 consilium
847 2519 867 2552 ,
907 2485 976 2535 et
1011 2471 1331 2560 intelliges
1368 2473 1667 2560 profecto
1710 2469 1871 2559 quid
1914 2493 2119 2536 causat
2162 2472 2243 2535 sit
2288 2493 2404 2537 cur
2446 2493 2583 2537 non

485 2599 718 2644 omnes
736 2579 1008 2666 poeticae
1024 2579 1182 2643 artis
1199 2580 1476 2667 regulas,
1495 2601 1711 2667 neque
1728 2579 2013 2665 integras
2028 2578 2202 2668 leges
2218 2577 2578 2645 tradiderit.

493 2721 572 2736 --
587 2686 902 2752 Nimirum
925 2687 1228 2775 poeticen
1255 2709 1654 2776 componere
1674 2710 2085 2776 nequaquam
2107 2689 2336 2755 voluit.

582 2795 720 2860 Cur
751 2795 822 2859 in
857 2795 1172 2882 opusculo
1205 2795 1507 2860 servandi
1546 2793 1795 2860 ordinis
1828 2794 2148 2858 rationem
2184 2793 2321 2860 fere
2346 2793 2583 2860 nullam

492 2902 904 2968 habuerit.—
917 2904 1267 2993 Epistulam
1297 2905 1472 2970 enim
1493 2926 1697 2991 quum
1718 2903 2059 3000 scriberet,
2082 2925 2223 2968 non
2244 2903 2430 2968 aliam
2450 2903 2585 2991 ipse

488 3013 610 3078 sibi
642 3013 856 3100 legem
891 3014 1108 3101 operis
1148 3013 1302 3078 fecit
1321 3059 1339 3092 ,
1366 3035 1563 3100 quam
1590 3026 1664 3077 ut
1686 3011 2053 3076 institutum
2074 3011 2273 3076 finem
2295 3031 2587 3096 asseque-

487 3135 694 3216 retur,
715 3143 755 3186 a
773 3143 906 3209 quo
925 3142 1264 3208 nunquam
1285 3120 1557 3186 recedit.

578 3233 716 3298 Cur
740 3229 824 3294 de
845 3228 1126 3295 vitandis
1143 3229 1316 3295 vitiis
1343 3245 1478 3294 tam
1504 3230 1745 3294 multus
1774 3229 1992 3296 fuerit.
2012 3267 2093 3280 -—
2108 3227 2324 3294 Pisoni
2345 3249 2586 3318 nempe

485 3335 964 3403 adolescentulo
985 3335 1344 3401 istiusmodi
1365 3337 1631 3402 monitis
1648 3339 1977 3426 praecipue
2000 3359 2161 3424 opus
2180 3337 2329 3401 fuit.

581 3446 720 3510 Cur
749 3442 910 3522 loci,
947 3443 1181 3531 quibus
1209 3466 1436 3510 revera
1465 3465 1738 3532 poeseos
1766 3467 1999 3509 arcana
2026 3443 2583 3524 demonstrantur,

489 3555 610 3620 nisi
637 3577 676 3618 a
696 3553 943 3642 peritis,
969 3551 1240 3642 intelligi
1271 3569 1624 3641 nequeant,
1656 3575 1780 3620 nec
1800 3553 1967 3620 ullus
1992 3575 2280 3642 unquam
2308 3551 2487 3618 rudis
2513 3572 2586 3615 ac

491 3664 616 3726 tiro
647 3677 838 3748 poeta
873 3675 952 3725 ex
985 3661 1104 3726 ista
1139 3661 1411 3748 epistola
1435 3660 1798 3749 ,quidquam
1830 3661 2207 3748 profecerit.
2229 3695 2309 3708 --—
2330 3657 2585 3723 Scilicet

491 3789 568 3831 ea
583 3789 766 3832 mens
784 3768 1056 3834 Horatio
1083 3789 1400 3854 nusquam
1419 3768 1681 3834 videtur
1700 3767 1916 3846 fuisse,
1944 3783 2021 3832 ut
2040 3765 2583 3833 adolescentulum

495 3875 580 3938 ad
605 3876 850 3960 poesim
877 3878 1279 3944 informaret.
