3000 4684
738 427 847 497 IN
895 423 1477 496 EP1sT0LAM
1527 423 1662 492 AD
1710 416 2150 494 PISONES.
2357 408 2493 494 δαί

405 571 720 634 utcumque
742 561 879 617 alias
892 559 1115 634 justum
1134 569 1449 634 aptumque
1468 555 1645 613 fuerit
1669 555 1997 632 epitheton,
2019 556 2134 613 hoc
2155 567 2344 614 tamen
2363 557 2498 615 loco

407 675 584 734 prave
609 656 972 732 absurdeque
991 655 1135 730 poni
1162 653 1471 722 contendo.
1500 677 1526 704 α
1549 654 1778 710 Famam
1793 691 1812 719 ‚
1832 651 2048 727 inquit,
2075 671 2342 728 sequere,
2369 665 2426 712 et
2451 653 2498 712 si
2562 663 2576 680 “

408 754 642 831 reponis
674 753 1027 812 honoratum
1067 751 1383 821 Achillem;
1414 750 1487 808 sit
1521 751 1797 832 impiger,
1836 749 2152 809 iracundus
2167 791 2184 822 ,
2217 752 2492 810 inexora-

406 852 553 908 bilis.
576 877 601 902 n
628 853 808 927 Atqui
836 861 893 908 et
918 850 1067 906 illud
1092 849 1421 906 Honoratus
1430 889 1453 918 ,
1485 849 1572 905 uti
1597 859 1786 906 cetera
1811 866 1940 926 qnae
1967 848 2499 924 sequuntur-,fama

406 959 699 1025 acceptum
718 961 825 1018 est,
844 959 901 1006 et
920 958 1145 1024 partem
1162 945 1513 1004 characteris
1530 945 1839 1003 constituit.
1858 946 2014 1021 Ergo
2034 930 2206 1003 stulte
2221 945 2283 1003 in
2299 947 2500 1022 priore

407 1049 695 1108 sententiae
738 1050 871 1108 colo
913 1049 1082 1126 ponit
1096 1087 1114 1117 ,
1156 1047 1317 1122 quod
1360 1047 1421 1104 in
1463 1045 1786 1122 posteriore
1829 1045 2140 1104 dicendum
2185 1055 2339 1115 erat,
2379 1045 2498 1104 hoc

408 1147 701 1223 exemplo,
723 1177 749 1199 ι
769 1148 831 1205 si
859 1145 1145 1206 Achillem
1176 1144 1439 1221 reponis,
1466 1143 1538 1201 sit
1561 1143 1897 1230 honoratus,
1932 1143 2193 1220 impiger,
2224 1154 2329 1200 etc.
2360 1167 2388 1195 a»
2418 1146 2498 1200 At

406 1263 563 1301 nunc
586 1245 830 1321 perinde
855 1255 968 1314 est,
994 1262 1061 1300 ac
1084 1242 1132 1300 si
1155 1241 1393 1314 dixerit,
1418 1265 1443 1292 κ
1462 1241 1530 1298 Si
1551 1239 1865 1317 impigrum
1884 1239 2170 1297 Achillem
2192 1241 2496 1312 describis,

404 1339 486 1396 sit
504 1339 831 1398 iracundus.
850 1363 876 1390 ιο
905 1337 1048 1410 Quis
1078 1336 1229 1394 ferat·
1244 1339 1421 1418 ὕςερα
1448 1340 1687 1418 πρότερα
1721 1345 1838 1392 tam
1865 1345 2216 1411 praepostere
2245 1353 2495 1393 narran-

404 1431 561 1489 tem?
586 1443 643 1490 et
669 1433 799 1508 quis
824 1451 947 1490 non
981 1431 1212 1500 sentiat,
1248 1429 1477 1488 nullum
1508 1429 1570 1486 in
1595 1431 1796 1507 priore
1826 1429 2090 1488 membro
2119 1441 2410 1487 moratum
2439 1440 2499 1490 et

404 1533 809 1608 χαρακτηρίζον
856 1527 1153 1605 epitheton
1195 1543 1314 1583 esse
1355 1525 1762 1583 collocandum
1775 1526 1802 1582 Ρ
1841 1526 1944 1583 Itu·
1967 1536 2122 1584 recte
2162 1526 2224 1581 in
2263 1525 2496 1596 ceteris;

407 1647 432 1672 a
455 1621 658 1679 Medea
692 1623 764 1678 sit
798 1622 991 1692 ferox,
1018 1622 1128 1678 Ino
1160 1621 1233 1678 sit
1266 1618 1498 1690 flebilis,
1533 1621 1702 1677 Ixion
1728 1621 1800 1694 sit
1823 1619 2106 1696 perfidus,
2131 1622 2200 1677 Io
2227 1617 2299 1677 sit
2322 1637 2496 1696 vaga,

406 1719 637 1775 Orestes
673 1718 743 1775 sit
772 1718 976 1787 tristis3
1008 1743 1033 1770 »
1071 1717 1230 1774 nuda
1270 1715 1365 1772 hic
1402 1715 1560 1773 vides
1595 1717 1849 1773 nomina.
1884 1720 2040 1774 Pone
2070 1717 2192 1790 jam
2220 1716 2495 1792 adjectiva

405 1818 883 1892 χαρακτηρίζοντα
900 1850 918 1882 ,
958 1837 981 1864 α
1006 1811 1303 1888 Impudic'a
1349 1811 1554 1868 Medea
1595 1813 1668 1868 sit
1707 1811 1918 1882 ferox,-
1940 1813 2113 1870 Fidus
2152 1814 2382 1870 Orestes
2425 1812 2498 1870 eit

406 1909 610 1980 tristis5
641 1933 666 1956 ι’
704 1921 761 1965 et
794 1909 1036 1967 ridicule
1071 1910 1133 1965 in
1162 1909 1379 1985 protasi
1420 1907 1480 1965 id
1513 1909 1814 1985 anticipas,
1841 1910 2002 1984 quod
2027 1911 2090 1966 in
2115 1910 2356 1986 epodosi
2379 1908 2490 1967 de—

408 2025 567 2062 mum
593 2006 793 2062 venire
816 2004 1077 2063 debebat.
1110 2009 1301 2082 Atque
1326 1999 1442 2063 lioc
1469 2005 1702 2082 quidem
1735 2006 1882 2064 adeo
1914 2017 2136 2063 certum
2161 2019 2244 2064 est
2259 2047 2276 2077 ,
2306 2019 2364 2063 et
2390 2025 2492 2064 sua

408 2104 538 2161 luce
568 2105 817 2174 clarum,
854 2115 919 2161 ut
950 2104 1035 2160 Cl.
1074 2104 1397 2176 Dacierius,
1434 2091 1747 2180 utcumque
1773 2105 1836 2160 in
1866 2105 2017 2162 notis
2046 2105 2258 2162 frustni
2285 2106 2487 2162 incru-

406 2213 554 2260 stare
584 2213 823 2260 conatus
848 2201 949 2270 sit,
976 2203 1038 2259 in
1069 2202 1331 2260 versione
1362 2213 1552 2260 tamen
1581 2203 1802 2261 Gallica
1825 2203 2006 2260 sciens
2033 2187 2403 2278 prudensque
2427 2209 2495 2262 τὸ

406 2301 732 2358 Honoratus
765 2298 1035 2358 omiserit.
1074 2302 1253 2358 Recte
1286 2311 1477 2358 tamen
1513 2301 1708 2358 dicere
1737 2300 1953 2376 poteris
1969 2341 1986 2371 ,
2021 2301 2234 2360 Medea
2265 2301 2496 2358 Colchis

405 2396 486 2451 sit
494 2393 711 2465 fem-v,
748 2395 1235 2472 Agamemnonius
1266 2395 1493 2452 Orestes
1525 2397 1602 2452 sic
1634 2397 1812 2452 ενὺτιῖι·
1821 2417 1846 2465 ,·
1875 2397 2009 2471 quia
2045 2396 2164 2454 haec
2200 2407 2258 2453 et
2291 2395 2495 2453 similia

407 2511 659 2562 morem,
690 2491 947 2567 indolem
960 2531 977 2560 ,
1014 2487 1339 2568 ingenium,
1368 2492 1788 2564 conditionem,
1816 2493 2207 2550 characterem
2231 2511 2495 2569 personae

406 2609 531 2646 non
546 2599 892 2657 monstrant,
908 2606 1097 2663 neque
1114 2588 1387 2645 formant.
1409 2589 1567 2659 Quid
1585 2590 1804 2646 multa?
1828 2591 2068 2648 restituo
2091 2589 2194 2646 tihi
2214 2591 2492 2648 sinceram

404 2685 707 2743 lectionem
726 2688 847 2758 jam
872 2705 905 2742 a
932 2685 1125 2741 multis
1150 2683 1367 2741 saeculis
1386 2683 1778 2758 deperditam:
1801 2711 1826 2734 ιι
1839 2685 2128 2760 scriptor,
2150 2685 2494 2743 Homer-eum

406 2785 455 2842 si
486 2784 641 2842 forte
666 2783 901 2860 reponis
925 2782 1231 2840 Achillem.
1262 2805 1287 2831 a·
1322 2781 1451 2838 Hoc
1480 2799 1662 2855 quum
1691 2781 1940 2838 librariis
1967 2769 2252 2855 nusquam
2282 2783 2494 2840 lectum

404 2903 510 2942 nec
536 2883 794 2944 auditum
827 2894 970 2940 esset
984 2924 1003 2952 ,
1034 2899 1157 2938 non
1193 2881 1406 2956 mirum
1439 2879 1586 2936 adeo
1622 2879 1670 2935 si
1705 2879 1867 2953 quod
1900 2879 2164 2954 proxime
2189 2881 2497 2938 accedebat

404 2983 761 3038 Honoratum
782 2979 1279 3056 interpolaverint.
1308 2979 1353 3038 F
1352 2997 1558 3046 amam,
1583 2977 1790 3052 inquit,
1815 2995 2076 3052 sequere,
2103 2987 2161 3033 et
2184 2977 2241 3032 si
2258 2979 2498 3054 reponis

400 3076 687 3134 Achillem
722 3077 1089 3134 Homericum
1101 3095 1125 3144 ,-
1154 3075 1321 3132 talem
1359 3085 1424 3131 tn
1462 3073 1630 3131 illum
1669 3072 1904 3142 exhibe,
1941 3073 2172 3148 qualem
2206 3075 2500 3132 Homerus

399 3174 693 3232 memoriae
724 3172 1002 3250 prodidit.
1034 3175 1213 3230 Recte
1238 3183 1431 3230 autem
1458 3173 1803 3239 Homer-em,
1843 3171 1960 3228 sive
1999 3171 2378 3229 Homericus:
2414 3173 2494 3231 sic

396 3272 555 3332 enim
586 3283 645 3330 et
677 3271 853 3330 ceteri
889 3270 1119 3328 heroes.
1154 3269 1385 3346 Ulixes,
1420 3271 1820 3346 Agamemnon
1835 3309 1852 3338 ,
1888 3270 2099 3326 Nestor
2124 3269 2366 3343 aliique,
2393 3269 2495 3343 qni

376 3369 659 3430 .Homero
692 3366 804 3424 soli
828 3383 1039 3422 nomen
1074 3375 1131 3421 et
1166 3363 1375 3422 famam
1400 3364 1560 3440 apud
1591 3375 1854 3440 posteros
1875 3364 2087 3422 debent
2100 3406 2119 3435 ,
2147 3364 2352 3439 passim
2377 3383 2494 3421 no·-

400 3461 711 3520 minantum
745 3461 952 3520 Cicero
978 3458 1327 3536 deLegibus
1356 3461 1413 3529 I,
1444 3480 1504 3517 1:
1541 3486 1566 3512 α
1585 3463 1704 3518 Aut
1733 3460 1896 3536 quod
1922 3461 2259 3540 Homericus
2295 3459 2494 3516 Ulia-es
2547 3443 2554 3451 ¹

401 3555 537 3614 Deli
564 3574 623 3614 se
656 3575 959 3633 proceram
992 3568 1049 3616 et
1083 3568 1342 3614 teneram
1372 3557 1622 3631 palmam
1656 3555 1860 3614 vidisse
1885 3556 2046 3613 dixit.
2077 3579 2103 3607 n
2135 3557 2225 3612 De
2250 3555 2492 3612 Divina-

400 3654 559 3712 tione
594 3655 651 3724 1,
690 3653 801 3710 30:
827 3679 850 3704 α
872 3656 959 3710 Ex
1000 3673 1119 3728 quo
1154 3664 1212 3710 et
1248 3652 1397 3710 illud
1437 3653 1736 3710 Homerici
1767 3654 2056 3721 Hectoris,
2101 3653 2204 3728 qui
2241 3652 2496 3712 moriens

397 3750 790 3829 propinquam
818 3747 1029 3804 Achilli
1056 3759 1302 3806 mortem
1328 3746 1646 3805 denuntiat.
1673 3772 1697 3798 n
1725 3748 1956 3805 Tuscul.
1986 3751 2194 3820 Quaest.
2227 3747 2348 3816 111,
2383 3747 2458 3804 26
2475 3768 2493 3805 t

400 3875 425 3902 «ι
448 3849 599 3906 Hinc
626 3846 722 3903 ille
750 3846 1151 3922 Agamemnon
1181 3845 1844 3920 Homerica-chidemque
1877 3846 2188 3915 Accianus,
2217 3845 2494 3906 scindens

396 3947 606 4004 dolore
644 3939 953 4001 identidem
990 3943 1273 4000 intonsam
1312 3960 1556 3999 comam.
1590 3965 1614 3992 υ
1660 3943 1736 3998 Et
1772 3942 1986 4000 ibidem
2020 3945 2120 4013 IV,
2152 3944 2261 4000 23:
2289 3969 2314 3996 ιι
2336 3944 2492 4016 Quid

398 4043 625 4098 Achille
646 4039 950 4096 Homerico
980 4039 1217 4110 foedius,
1245 4039 1387 4122 quid
1414 4042 1846 4115 Agamemnone
1875 4039 1937 4095 in
1964 4041 2205 4118 jurgio?
2227 4067 2252 4094 υ
2279 4045 2494 4102 Seneca
2585 4051 2592 4060 ’

398 4141 487 4202 Dc
508 4137 976 4214 Tranquillitate,
1000 4155 1049 4193 c.
1074 4155 1137 4192 2:
1160 4162 1183 4188 ιι
1202 4137 1402 4207 Qualis
1427 4137 1524 4194 ille
1547 4139 1885 4196 Homericus
1906 4140 2161 4197 Achilles
2186 4152 2294 4212 est,
2311 4141 2492 4198 modo
