3000 4684
245 776 277 854 s·
306 770 530 783 --.-.-
567 645 1370 795 PRAEMoNlTlo
1420 694 1720 793 Novl
1775 692 2375 849 EDITORIS.

247 957 261 1005 l
1342 964 1612 983 -——-..

507 1161 712 1217 Omn
741 1161 992 1235 pretium
1019 1170 1104 1217 est
1126 1160 1356 1217 Lectori
1394 1158 1682 1218 benevolo
1715 1158 1966 1218 breviter
1990 1160 2271 1232 indicare,
2310 1162 2517 1237 quibus

430 1258 650 1315 auxiliis
677 1257 840 1328 freti,
867 1276 1102 1314 manum
1127 1257 1389 1313 ultimam
1417 1256 1555 1313 huic
1593 1258 1759 1333 operi
1784 1258 2221 1335 imposuerimus
2235 1299 2253 1329 ,
2284 1270 2341 1316 et
2372 1278 2518 1335 quos

429 1354 602 1411 duces
627 1353 948 1429 praecipuos
973 1354 1034 1409 in
1060 1364 1258 1410 nostra
1288 1352 1515 1409 Horatii
1544 1351 2016 1428 interpretatione
2047 1356 2219 1413 simus
2245 1356 2439 1412 secuti.

507 1452 880 1509 Utilissimum
907 1450 1215 1508 doctissimi
1245 1452 1521 1506 Donum
1554 1450 2025 1508 commentarium
2041 1492 2059 1522 ,
2087 1431 2181 1509 edi
2209 1452 2522 1509 felicissime

434 1548 730 1621 praeiverat
768 1548 830 1604 in
870 1560 1070 1606 nostro
1111 1558 1284 1623 poeta
1325 1546 1669 1604 elucidando
1686 1587 1703 1615 ,
1742 1547 1833 1603 vir
1880 1548 2147 1605 doctrina
2186 1561 2244 1607 et
2286 1548 2520 1626 ingenio

431 1646 790 1703 venerandus
825 1644 1336 1713 Mitscherlichius‚
1369 1644 1624 1701 Editioni
1649 1644 1787 1702 huic
1807 1658 2017 1703 nostrae
2040 1666 2163 1723 prae
2188 1648 2389 1704 ceteris
2418 1666 2520 1703 ac·-

433 1744 921 1802 commodandum
963 1745 1084 1801 sine
1120 1743 1302 1801 dubio
1342 1741 1697 1812 censuimus3
1740 1743 1818 1799 ita
1861 1755 2045 1801 tamen
2060 1785 2077 1812 ‚
2121 1756 2187 1801 ut
2222 1746 2523 1819 utriusque

438 1842 524 1897 cl.
559 1842 684 1897 viri
718 1852 884 1898 notas
913 1842 1148 1899 miscere
1162 1880 1181 1910 ,
1201 1850 1258 1897 et
1280 1840 1382 1897 ubi
1408 1858 1635 1897 necesse
1660 1838 1979 1909 videretur,
2008 1842 2312 1897 emendare
2342 1840 2527 1897 nostri

438 1956 662 2013 semper
699 1938 850 2012 juris
896 1948 1036 1995 esset
1047 1978 1066 2009 ,
1105 1955 1396 2013 novasque
1439 1936 1609 1993 etiam
1654 1936 1728 1993 de
1777 1948 1980 1995 nostro
2029 1937 2524 2013 interpretationes

433 2034 701 2111 adjicere.

511 2140 707 2209 Quum
727 2148 917 2194 autem
940 2138 1406 2195 emendationum
1426 2149 1787 2208 nostrarum,
1814 2149 2203 2213 notarumque
2217 2176 2233 2207 ,
2252 2156 2394 2213 quas
2418 2136 2525 2213 ipsi

433 2252 654 2292 summo
673 2236 866 2293 studio
886 2254 1219 2311 summaque
1241 2236 1535 2313 diligentia
1550 2236 1809 2311 undique
1827 2236 2187 2313 collegimus,
2214 2256 2337 2293 non
2364 2254 2527 2312 sper-

433 2332 621 2389 nenda
650 2333 917 2391 crevisset
941 2352 1101 2409 seges
1115 2376 1132 2403 ,
1161 2344 1287 2389 tum
1307 2334 1368 2389 in
1395 2333 1627 2390 duobus
1644 2334 1843 2410 primis
1864 2333 2110 2390 odarum
2123 2376 2140 2404 ,
2164 2346 2287 2391 tum
2305 2334 2365 2389 in
2384 2334 2529 2390 reli-

433 2430 561 2503 quis
590 2430 752 2487 libris
765 2470 784 2499 ,
817 2431 990 2488 satius
1022 2430 1350 2506 putavimus
1379 2430 1653 2507 deinceps
1686 2443 1889 2505 notare
1913 2432 2197 2507 quidquid
2221 2432 2530 2508 proprium

433 2526 602 2583 nobis
631 2527 784 2583 foret
822 2546 890 2584 ac
920 2528 1244 2603 peculiare,
1272 2544 1348 2583 ne
1381 2528 1510 2601 quis
1538 2528 1926 2585 eruditissimis
1954 2528 2109 2587 Viris
2142 2530 2527 2601 adtribuet-et,

439 2624 599 2697 quod
632 2626 895 2700 ipsorum
925 2643 1046 2682 non
1081 2636 1238 2682 esset.
1270 2625 1430 2701 Ergo
1469 2645 1500 2681 a
1542 2621 2081 2683 tertio'Carminum
2125 2627 2309 2697 libro,
2350 2628 2527 2702 quid-

440 2720 581 2794 quid
605 2726 719 2795 p‘ro
745 2732 942 2777 nostra
971 2719 1237 2777 facultate
1263 2719 1615 2789 addidimus,
1658 2708 2014 2779 distinximus
2040 2722 2129 2779 his
2156 2724 2358 2792 literis,
2388 2724 2527 2779 En.:

439 2828 497 2874 et
515 2816 562 2874 si
581 2837 760 2893 usque
778 2819 851 2876 ad
877 2818 974 2875 illa
996 2818 1249 2876 carmina
1275 2818 1424 2875 hanc
1449 2838 1651 2875 curam
1677 2818 2066 2894 imprudentes
2084 2823 2527 2898 neglexerhnnS‚

442 2916 666 2991 optimo
690 2917 892 2973 lectori
919 2936 952 2973 a
983 2916 1153 2974 nobis
1178 2914 1438 2973 satisfieri
1467 2934 1795 2993 precamur,
1817 2916 1977 2990 quod
1998 2920 2175 2995 magis
2196 2918 2347 2976 illius
2367 2938 2531 2977 com-

439 3013 621 3070 modo
647 3024 705 3070 et
730 3006 1053 3071 Horatiana
1083 3013 1274 3082 laudi,
1297 3032 1470 3088 quam
1491 3024 1702 3069 nostrae
1722 3014 2207 3071 commendationi
2233 3017 2533 3075 consulere

439 3112 502 3169 in
527 3112 720 3168 animo
747 3128 971 3188 semper
995 3110 1186 3168 fuerit.

519 3214 804 3268 Praeterea
847 3210 1114 3267 Odarum
1148 3220 1206 3265 et
1244 3210 1496 3285 Epodon
1513 3250 1529 3278 ‚
1563 3221 1620 3266 et
1658 3210 2004 3281 Satirarum,
2051 3224 2107 3270 et
2150 3212 2534 3288 Epistolarum

440 3310 750 3383 unicuique
787 3308 1014 3366 titulum
1057 3305 1438 3385 praefiximus,
1481 3308 1740 3381 quamvis
1777 3309 1899 3383 ipse
1927 3308 2209 3366 Domum}
2248 3310 2533 3381 omiserit;

441 3408 617 3464 immo
655 3406 948 3484 Analysim
986 3404 1358 3480 subjecimus„
1397 3405 1490 3462 vel
1538 3424 1609 3462 ex
1661 3406 2073 3464 commentario
2104 3406 2533 3465 Mitscherlichii

443 3514 768 3579 excerptam
785 3544 802 3573 ‚
837 3504 930 3561 vel
967 3524 999 3560 a
1039 3502 1208 3562 nobis
1235 3502 1370 3578 ipsis
1393 3500 1867 3581 elaboratam'(in
1903 3504 2101 3562 Satiris
2133 3506 2447 3580 praesertim
2478 3518 2535 3561 et

443 3598 767 3677 Epistolis),
793 3611 860 3657 ut
888 3618 1084 3657 rerum
1111 3600 1635 3675 sententiarumque
1666 3600 1864 3669 series,
1886 3601 2017 3657 utili
2042 3600 2415 3676 compendio,
2452 3601 2533 3658 fa-

441 3698 604 3755 cilius
641 3698 1036 3754 innotesceret.
1073 3696 1301 3753 Etenim
1325 3697 1386 3753 in
1420 3696 1617 3755 Satiris
1644 3697 2056 3772 Epistolisque,
2085 3718 2265 3774 quum
2300 3698 2533 3757 liberius

443 3796 962 3872 negligentiusque,
1006 3806 1072 3849 ut
1117 3794 1228 3851 sert
1275 3794 1420 3851 illud
1471 3794 1760 3852 scribendi
1804 3812 2015 3869 genus,
2061 3810 2263 3855 auctor
2308 3800 2534 3873 evagari

441 3898 720 3966 videatur,
749 3884 1074 3971 periculum
1099 3906 1212 3966 est,
1240 3914 1315 3952 ne
1339 3896 1593 3971 partium
1614 3893 1889 3968 junctura
1909 3894 2181 3953 lectorem
2200 3896 2372 3953 fallat.
2391 3896 2534 3953 Dili-

443 4008 642 4072 genter
677 3993 1052 4051 indicavimus
1066 4034 1083 4061 ,
1123 4013 1236 4068 qua
1273 3995 1348 4052 de
1381 4013 1548 4051 causa
1564 4032 1581 4062 ,
1611 4004 1667 4051 et
1703 4010 1824 4065 quo
1865 4005 2123 4069 tempore
2150 4014 2296 4077 opus
2324 4014 2535 4052 unum-

444 4094 716 4169 quodque
755 4089 1033 4165 scriptum
1078 4091 1178 4164 sit,
1222 4103 1344 4150 tum
1388 4092 1707 4168 cogitandi,
1754 4104 1875 4150 tum
1920 4092 2207 4151 scribendi
2250 4092 2531 4149 rationem
