3000 4684
610 265 744 366 176

1158 271 1248 358 Q.
1300 272 1720 342 HORATII
1767 277 2124 348 FLACCI

595 409 669 477 Si
689 407 837 501 quis
859 405 1091 476 lectica
1116 405 1398 478 nitidam
1426 425 1686 504 gestare
1707 398 1892 484 amet
1911 439 2187 510 agnam,
2289 481 2294 486 .

594 525 769 596 Huic
792 541 1043 596 vestem
1062 540 1141 596 ut
1168 541 1387 620 gnatae
1406 544 1630 624 paret,
1656 530 1927 601 ancillas
1951 548 2173 627 paret,
2197 557 2465 624 aurum,
2567 536 2680 594 ²15

592 647 829 714 Pusam
860 658 975 713 aut
999 641 1313 714 Pusillam
1344 646 1665 741 appellet,
1694 648 1984 744 fortique
2015 653 2258 721 marito

589 765 895 833 Destinet
922 786 1233 852 uxorem3
1266 763 1628 836 interdicto
1655 765 1811 837 huic
1837 793 2039 838 omne
2070 768 2325 840 adimat
2343 771 2452 864 jus

588 882 873 969 Praetor,
905 893 973 949 et
998 878 1085 948 ad
1112 905 1309 958 sanos
1336 881 1533 953 abeat
1562 883 1766 977 tutela
1794 889 2233 982 propinquos,

585 995 811 1086 Quid?
838 996 895 1066 si
922 998 1067 1091 quis
1094 1007 1369 1092 gnatam
1400 1021 1529 1091 pro
1559 1014 1747 1070 muta
1775 1000 2060 1072 devovet
2087 1027 2290 1098 agna,

583 1119 855 1212 Integer
889 1129 991 1186 est
1020 1116 1271 1186 animi?
1302 1141 1391 1185 ne
1421 1116 1713 1190 dixeris!
1748 1123 1966 1215 Ergo,
2002 1121 2117 1190 ubi
2158 1145 2362 1216 prava

2557 1139 2670 1178 220

582 1235 909 1328 Stultitia,
942 1235 1055 1306 hic
1084 1251 1187 1307 est
1218 1249 1477 1309 summa
1515 1241 1811 1310 insania:
1847 1242 1963 1336 qui
1995 1240 2381 1333 sceleratus,

578 1439 748 1506 gloria,
767 1437 1083 1491 affectionum
1103 1436 1196 1508 vi‚)
1221 1457 1333 1492 eum
1356 1439 1469 1492 vitii
1488 1439 1588 1511 (in—

1471 1563 1477 1568 -
1571 1591 1574 1594 ⁴
1653 1525 1775 1595 quid
1815 1527 1922 1579 fieri
1959 1527 2034 1579 vel
2065 1527 2242 1594 jubet,
2270 1525 2346 1578 vel
2370 1535 2534 1586 vetat3
2560 1525 2666 1576 vid.

580 1523 751 1588 sanie)
768 1532 1015 1590 expertem
1036 1540 1142 1576 esse
1161 1534 1301 1592 putas
1316 1529 1341 1576 ἓ

652 1619 775 1660 2¹⁴.
818 1605 1021 1679 Siquis
1046 1607 1161 1660 lece.
1189 1617 1283 1660 etc.
1331 1608 1403 1660 Ut
1429 1607 1584 1662 levius

583 1691 787 1746 insaniae
804 1708 957 1759 genus
980 1692 1249 1760 distinguat
1281 1710 1310 1745 a
1344 1695 1582 1762 graviore,

577 1778 680 1832 sive
711 1795 742 1830 a
772 1777 953 1830 scelere
970 1815 985 1842 ,
1012 1787 1179 1829 narrat
1214 1793 1316 1828 mm
1336 1813 1351 1842 ,
1375 1776 1438 1828 ad
1462 1777 1583 1829 ridi-

574 1863 683 1916 cula
704 1865 869 1930 potius
892 1861 1098 1914 insanin
1124 1877 1492 1932 genera-quam
1521 1861 1582 1914 ad

575 1946 753 1999 scelera
780 1946 1137 2014 pertinentem;
1165 1945 1389 2014 apposite
1414 1954 1578 1998 autem

572 2047 694 2097 agna
718 2031 769 2080 in
795 2029 965 2082 lectica
980 2039 1165 2095 gestata
1180 2029 1447 2098 opponitur
1462 2029 1512 2081 fil
1519 2030 1576 2080 1ae

568 2110 969 2180 Agamemnonis,
984 2130 1074 2180 pro
1092 2127 1213 2178 agna
1232 2129 1329 2164 arm
1349 2114 1572 2166 admota.

570 2225 640 2238 ·-
652 2209 854 2265 gestare
896 2209 1059 2257 amet,
1107 2196 1263 2247 animi
1304 2197 1576 2250 delectandi

568 2297 709 2334 causa
721 2287 1123 2346 gestem-parve,
1142 2287 1573 2336 eman—aurum,

568 2381 635 2416 sc.
666 2363 869 2421 factum
895 2359 1115 2423 intellige
1128 2357 1368 2423 armillas,
1387 2357 1577 2426 fibulas,

569 2442 961 2510 acus,annulus,
977 2451 1071 2494 etc.
1096 2458 1160 2493 ex
1184 2456 1305 2492 auro
1322 2441 1573 2495 conflatos.

569 2555 637 2566 ——
661 2527 857 2578 Pusam
898 2538 995 2577 aut
1028 2523 1284 2576 Pusillum
1321 2526 1568 2596 appellet,

566 2611 620 2664 h.
638 2627 685 2662 e.
702 2607 895 2659 blandis
908 2606 1191 2660 nominibus
1208 2616 1361 2660 vocet.
1382 2609 1572 2662 Mirum

566 2695 621 2746 iu
651 2692 845 2746 modum
871 2689 1040 2744 iwhis
1066 2691 1350 2744 nominibus
1382 2694 1574 2745 variant

563 2787 681 2830 vett.
716 2777 858 2829 librr.
885 2775 973 2829 alii
995 2775 1185 2847 Rufum
1216 2786 1269 2828 et
1290 2775 1533 2828 Posfflam
1547 2793 1570 2842 ,-

562 2847 671 2928 aiii,
686 2858 881 2930 Bffam
900 2857 1245 2930 etnufiuam
1266 2859 1353 2912 am
1367 2861 1571 2932 Pupam

562 2957 647 3000 aut
676 2945 935 3017 Pupillam
950 2979 967 3004 ‚
990 2953 1084 2996 etc.
1114 2943 1211 2994 Sed
1236 2945 1351 3014 quis
1374 2945 1425 2996 in
1458 2959 1572 2996 exa-

560 3030 809 3084 minandis
850 3039 901 3082 et
932 3027 1285 3080 constituendis
1328 3025 1567 3096 ejusmodi

560 3113 877 3173 nominihus,
913 3109 1198 3162 blandiendi
1229 3125 1371 3160 causa
1404 3109 1563 3174 fictis,

556 3213 754 3267 operam
795 3193 1001 3264 perdat?
1040 3193 1115 3244 De
1156 3191 1568 3259 appellationibus

558 3281 863 3334 mollioribus
894 3288 945 3330 et
970 3275 1308 3329 blandioribus
1334 3287 1407 3327 est
1430 3276 1564 3330 locus

557 3380 691 3433 supr.
724 3363 828 3414 Sat.
857 3361 883 3412 1
906 3397 921 3426 ‚
950 3371 979 3412 ³
997 3396 1012 3424 ‚
1040 3370 1106 3410 48
1125 3375 1231 3428 sqq.
1254 3358 1564 3430 —fhrtique

556 3447 734 3499 marim
772 3443 999 3496 Destinet
1038 3459 1251 3493 uxorem
1268 3475 1287 3500 ,
1334 3443 1378 3492 si
1426 3441 1562 3494 illam

554 3533 611 3584 in
634 3526 999 3582 matrimonium
1022 3524 1253 3579 collocare
1276 3523 1559 3579 meditetur.

552 3615 685 3668 Nota
694 3612 879 3682 sin-tem
904 3611 1037 3664 hunc
1061 3609 1298 3660 maritum
1321 3624 1453 3675 agnae
1476 3608 1564 3661 de-

550 3697 804 3748 stinatum.
830 3691 1133 3745 Biz—huic
1158 3691 1245 3762 (sic
1268 3691 1554 3762 insanienti)

1658 1441 2220 1512 sonnulistonceptum,
2250 1459 2348 1512 quo
2377 1451 2558 1510 praetor
2578 1440 2670 1492 ali-

1654 1605 1851 1662 Ernest.
1899 1612 1952 1662 in
1992 1611 2131 1664 Clav.
2173 1610 2280 1663 Cic.
2321 1627 2366 1662 s.
2407 1626 2455 1658 v.
2499 1609 2670 1658 mter·-

1651 1689 1862 1745 dictum.
1882 1721 1952 1731 —
1969 1705 2022 1745 et
2049 1691 2120 1744 ad
2147 1709 2299 1744 sanos
2330 1689 2476 1743 abeat
2506 1692 2669 1742 tutela

1644 1776 1964 1848 propinquos
1973 1794 1994 1842 ,·
2012 1776 2249 1830 Horatius
2266 1776 2348 1828 hic
2364 1775 2527 1844 posuit
2546 1785 2668 1828 tute·

1650 1858 1748 1909 lam
1771 1861 2149 1928 procuratione.
2171 1859 2358 1912 Tutela
2387 1859 2518 1912 enim
2553 1875 2665 1926 pro-

1647 1944 1761 2010 prie
1795 1952 1871 1994 est
1899 1944 1974 1996 vis
2001 1960 2055 1994 ac
2085 1953 2298 2012 potestas
2331 1943 2384 1994 in
2417 1943 2571 2010 capite
2599 1941 2664 1993 li-

1648 2025 1768 2078 bero
1787 2063 1800 2090 ,
1839 2027 1953 2092 jure
1983 2027 2118 2078 civili
2155 2027 2268 2078 data
2288 2064 2302 2091 ,
2331 2027 2392 2082 ad
2427 2026 2657 2077 tuendum

1647 2127 1758 2162 eum
1787 2109 1876 2178 qui
1901 2127 1954 2162 se
1971 2147 1986 2175 ‚
2023 2126 2114 2178 per
2144 2119 2334 2160 aetatem
2355 2145 2370 2173 ‚
2393 2109 2663 2162 defendere

1649 2211 1745 2246 non
1769 2203 1944 2261 potest.
1973 2191 2182 2243 Cur-auh
2205 2208 2320 2242 vero
2338 2228 2353 2256 ‚
2380 2202 2455 2243 est
2479 2208 2661 2244 munus

1648 2291 1814 2328 eorum
1832 2274 1918 2344 qui
1939 2273 2227 2342 puberibus,
2243 2273 2475 2342 prodigis,
2489 2285 2660 2328 mente

1647 2359 1801 2427 captis
1826 2374 1880 2409 ac
1915 2357 2140 2421 furiosis,
2165 2354 2372 2425 aliisque
2387 2392 2401 2418 ‚
2423 2355 2552 2424 quod
2573 2374 2656 2409 rea

1649 2458 1759 2494 suas
1781 2458 1947 2509 gerere
1965 2458 2063 2492 uon
2087 2448 2310 2509 possent,
2333 2437 2656 2492 administra-

1647 2532 1779 2576 tores
1793 2523 2040 2576 dabantur
2057 2539 2119 2574 ex
2138 2521 2264 2588 lege,
2287 2521 2438 2590 hique
2459 2525 2658 2591 proprie

1644 2605 2310 2676 cumtomsdicebantur,alii
2325 2622 2439 2658 vero
2457 2616 2654 2668 tutores,

1643 2691 1773 2744 Inst.
1789 2690 1825 2742 l.
1843 2691 1892 2758 1,
1912 2692 1990 2743 tit.
2007 2701 2093 2756 33,
2109 2688 2134 2760 §
2153 2702 2183 2742 3
2199 2707 2212 2740 :
2231 2689 2446 2742 «furiosi
2463 2709 2653 2760 quoquc

1642 2784 1694 2826 et
1719 2773 1942 2842 prodigi,
1965 2772 2083 2825 licet
2109 2773 2317 2840 majores
2347 2775 2562 2843 quinque
2603 2783 2655 2826 et

1641 2857 1816 2924 viginti
1839 2857 1984 2909 annis
2007 2857 2128 2923 sint,
2151 2867 2314 2908 tamen
2337 2857 2387 2908 iu
2407 2857 2653 2910 curatione

1640 2950 1760 2992 sunt
1793 2950 2077 3008 agnatorum
2095 2977 2111 3005 ‚
2137 2956 2199 2991 ex
2225 2939 2328 3006 lege
2351 2956 2426 2991 ιιι
2462 2939 2652 2992 tabula-

1637 3039 1768 3076 rum.
1791 3043 1818 3071 n
1841 3023 1948 3074 Lex
1973 3033 2136 3075 autem
2155 3022 2305 3075 duod.
2338 3023 2439 3074 tab.
2465 3042 2491 3070 ιι
2513 3023 2557 3074 si
2578 3023 2653 3073 fu·

1637 3105 1815 3174 riosus,
1835 3117 1919 3158 aut
1939 3106 2167 3174 prodigus
2189 3106 2361 3158 exista·
2373 3143 2390 3173 ,
2407 3116 2482 3158 ast
2498 3106 2545 3158 ei
2563 3123 2653 3158 cu-

1637 3201 1738 3244 stos
1761 3209 1852 3244 nec
1871 3192 2022 3258 escit,
2049 3203 2336 3258 agnatorum
2367 3190 2652 3258 gentilium·

1635 3291 1731 3344 que
1772 3275 1824 3326 in
1867 3291 1926 3326 eo
1965 3274 2268 3343 pecuniaque
2299 3273 2400 3341 ejus
2435 3275 2649 3342 potestas

1635 3368 1758 3410 esto.
1787 3377 1812 3405 υ
1838 3357 1938 3410 En.

1708 3449 1830 3491 219.
1873 3439 1979 3490 Pm
2015 3449 2188 3498 muta,
2225 3440 2373 3491 bruta
2393 3475 2410 3508 ,
2445 3440 2650 3492 rationis

1633 3534 1861 3592 experte;
1889 3523 1955 3575 cf.
1983 3541 2121 3594 supr.
2146 3524 2251 3576 Sat.
2276 3526 2326 3590 1,
2357 3538 2410 3591 3,
2443 3535 2646 3577 100.—

1632 3607 1786 3674 Ergo,
1812 3608 1923 3668 ubi,
1948 3618 2040 3660 etc.
2062 3607 2193 3674 Ergo
2211 3610 2297 3679 qui
2324 3609 2475 3662 stulte
2493 3619 2647 3661 secta·

1631 3703 1712 3746 tur
1752 3710 1924 3762 prava,
1971 3693 2240 3746 rectissime
2279 3695 2480 3746 insanus
2501 3713 2515 3760 3
2556 3693 2647 3762 qui

544 3789 741 3848 proetor·
768 3795 913 3830 nonne
936 3779 1039 3853 jus
1077 3779 1305 3843 (omnem
1344 3775 1556 3828 liberum
1628 3787 1876 3845 perpetrat
1897 3777 2100 3843 scelera,
2125 3796 2222 3829 non
2248 3777 2406 3832 solum
2433 3778 2648 3832 scelera·-

548 3861 785 3912 honorum
813 3862 975 3932 usum)
994 3860 1189 3916 adimat
1200 3859 1558 3914 mediceo.—

1629 3868 1728 3926 tus‚
1752 3861 1838 3913 sed
1861 3862 2008 3914 etiam
2014 3858 2264 3932 furiosus
2281 3863 2646 3933 appellabitur3

552 3941 883 3996 sacerdtem
900 3948 1004 4012 jam
1024 3957 1101 3999 est
1117 3947 1389 4010 decretum,
1407 3945 1554 3998 certis
1623 3943 1712 4012 qui
1751 3944 1949 3997 virtutis
1988 3945 2176 4000 bellica
2221 3947 2376 4014 gloria
2413 3947 2647 4016 exsplen-
