3000 4684
969 337 1101 406 DE
1150 282 1421 404 ARTE*
1452 331 1902 403 Poss'rch.
2339 339 2483 434 429

490 487 645 552 Mihi
668 500 893 553 contra
914 484 1333 571 perspicuum
1352 498 1516 562 erat,
1537 481 1731 568 longe
1753 481 1926 546 aliud
1951 481 2019 546 in
2040 481 2166 546 hoc
2187 485 2495 570 opusculo

404 596 737 662 consilium
764 594 1034 658 Horatio
1070 589 1261 657 fuisse
1284 637 1303 671 ,
1332 591 1576 656 nedum
1609 591 1695 656 ad
1721 613 1976 656 scenam
2004 592 2190 656 unice
2220 593 2494 679 respice·

404 721 505 770 ret
527 729 545 781 3
593 725 795 791 pauca
836 699 1288 768 tantummodo
1334 699 1417 764 ad
1460 701 1762 787 poeticen
1807 698 2221 763 dramatieam
2266 701 2496 765 referri

404 814 678 892 debere3
717 829 786 878 et
819 835 961 899 quae
998 810 1409 876 habebantur
1446 809 1710 874 comicis
1751 807 2082 896 tragicisve
2123 809 2494 873 auctoribus

406 920 771 984 constitutae
802 917 998 1005 leges,
1026 939 1165 983 non
1192 917 1314 1002 nisi
1348 915 1642 1002 exempla
1669 903 1806 980 esse
1830 938 1869 979 a
1891 915 2144 980 theatro
2169 917 2492 996 translata,

408 1032 641 1118 quibus
666 1031 1141 1095 illustrarentur
1170 1027 1409 1115 regulae
1430 1075 1449 1106 ,
1484 1050 1686 1114 quum
1711 1026 1796 1091 ad
1826 1029 2145 1115 poeticam
2175 1029 2491 1115 composi-

410 1139 647 1204 tionem
668 1138 1045 1225 quamlibet,
1071 1152 1209 1202 tum
1232 1138 1425 1201 etiam
1446 1136 1532 1201 ad
1553 1135 1714 1201 illud
1734 1159 2002 1224 poeseos
2023 1159 2224 1224 genus
2239 1159 2491 1204 accom-

408 1247 705 1324 modatae,
728 1246 906 1334 quod
928 1249 999 1310 in
1020 1247 1215 1312 rebus
1236 1246 1576 1310 narrandis
1595 1246 2008 1334 peculiariter
2025 1262 2340 1312 versatur.

494 1359 587 1420 Ne
612 1357 925 1422 lectorem
949 1376 1108 1421 vero
1130 1352 1369 1417 diutius
1390 1353 1461 1417 in
1484 1352 1766 1417 tenebris
1789 1351 2082 1416 detinere
2103 1352 2352 1432 videar,
2369 1356 2502 1439 jam

417 1491 443 1520 α
470 1486 598 1552 qua
618 1465 739 1529 sub
765 1463 909 1528 luce
930 1461 1139 1529 videri
1162 1462 1319 1528 velit
1342 1491 1371 1521 n
1396 1459 1536 1526 haec
1558 1461 1864 1549 Epistola,
1884 1477 2105 1549 aperte
2127 1460 2362 1527 dicam.

496 1574 679 1636 Hanc
698 1617 715 1650 ,
756 1586 831 1634 ut
864 1585 1109 1635 ceteras
1142 1591 1371 1634 omnes
1400 1569 1652 1632 Horatii
1685 1568 1996 1656 Epistolas
2013 1615 2030 1644 ,
2071 1569 2500 1656 undequaque

411 1695 755 1765 postquam
793 1680 1042 1766 inspexi
1062 1704 1080 1754 ς
1122 1700 1347 1744 veram
1365 1724 1383 1757 ,
1426 1677 1626 1742 credo
1647 1725 1664 1752 ,
1703 1693 1778 1742 ut
1812 1699 2065 1742 sensum
2107 1699 2500 1764 assequerer,

414 1788 585 1851 viam
612 1787 1037 1875 deprehendi,
1075 1788 1253 1874 prius
1282 1810 1318 1851 a
1342 1788 1450 1853 Cl.
1478 1787 1879 1876 Shastesbury
1899 1801 2340 1866 monstratam,
2363 1811 2508 1876 quae

417 1894 814 1962 doctissimos
836 1884 1225 1982 interpretes
1245 1895 1453 1974 latuit,
1479 1897 1570 1961 ob
1591 1895 1660 1960 id
1680 1917 1909 1975 unum,
1935 1893 2116 1982 quod
2137 1896 2278 1984 ipso
2301 1900 2504 1962 Hora-

418 2005 509 2070 tio
530 2004 895 2070 subtiliores
913 2003 1199 2070 fuerint.⁵

506 2118 711 2179 Poeta
732 2113 1035 2178 nimirum
1072 2135 1517 2200 saepenumero
1543 2115 1626 2178 ab
1647 2114 1770 2178 alio
1797 2128 1991 2204 poeta
2017 2117 2255 2181 rectius
2273 2116 2506 2182 intelli-

416 2224 613 2312 gitur,
636 2246 827 2311 quam
850 2223 933 2292 ab
956 2224 1033 2288 iis
1056 2224 1523 2310 interpretibus
1542 2271 1559 2302 ,
1590 2225 1702 2310 qui
1733 2223 1818 2288 ad
1855 2228 2096 2320 θεωρίαν
2137 2226 2290 2290 artis
2321 2227 2510 2290 unice

416 2339 669 2418 intenti,
701 2336 1019 2425 quidquid
1051 2335 1135 2400 de
1164 2335 1377 2423 aliqua
1403 2359 1477 2400 re
1495 2341 1748 2426 proprie
1789 2340 2080 2424 ponitur,
2102 2338 2229 2404 hoc
2251 2341 2404 2403 item
2428 2339 2510 2403 ad

418 2443 569 2508 alias
588 2466 691 2507 τω
724 2445 1123 2508 communiter
1142 2445 1472 2531 pertinere
1502 2445 1862 2510 existimant
1888 2472 1905 2523 3
1936 2463 2128 2536 atque
2148 2447 2303 2512 dum
2326 2470 2516 2536 gene-

420 2548 577 2614 ralia
606 2564 930 2614 sectantur
950 2565 1299 2637 praecepta,
1327 2548 1419 2627 id,
1447 2548 1530 2613 de
1564 2572 1696 2636 quo
1729 2553 2033 2638 privatim
2065 2576 2239 2618 nunc
2276 2555 2511 2640 agitur,

421 2655 515 2719 ita
549 2653 886 2742 negligunt
904 2702 923 2733 ,
954 2671 1027 2719 ut
1044 2701 1063 2730 ‚
1094 2655 1372 2742 exempli
1398 2657 1600 2742 gratia
1617 2702 1636 2735 ,
1665 2659 1996 2744 epistolam
2018 2705 2035 2735 ,
2063 2680 2191 2745 qua
2215 2677 2519 2726 monetur

424 2760 954 2840 adolescentulus,
980 2784 1065 2826 ne
1090 2761 1293 2827 malos
1320 2783 1544 2828 versus
1567 2763 1858 2829 factitare
1881 2766 2130 2852 gestiat,
2159 2766 2516 2833 absolutum

426 2870 513 2938 de
526 2885 665 2934 arte
688 2867 1041 2935 dramatica
1061 2870 1301 2936 librum
1321 2869 1627 2935 habeant.

514 2982 608 3042 Ex
638 2960 937 3044 omnibus
966 2979 1163 3066 igitur
1188 2979 1437 3046 Horatii
1458 2979 1784 3066 Epistolis,
1808 3004 1968 3068 quas
1988 2979 2297 3047 hactenus
2319 2983 2516 3047 inter-

425 3087 768 3176 pretandas
782 3089 1055 3175 suscepi,
1078 3111 1203 3176 pro
1221 3087 1588 3153 indubitato
1609 3090 1820 3176 posui,
1839 3091 2140 3178 scriptam
2163 3091 2312 3156 ideo
2333 3091 2520 3156 fixisse

424 3196 665 3262 nullam
682 3244 701 3276 ,
730 3214 803 3261 ut
824 3198 897 3262 in
929 3197 1141 3262 lucem
1175 3196 1479 3262 ederetur
1497 3222 1516 3261 ε
1555 3219 1784 3263 verum
1815 3221 2358 3287 unamquamque,
2391 3200 2523 3264 cui-

426 3305 575 3370 dam
610 3305 857 3372 homini
896 3319 1073 3370 certa
1108 3304 1373 3392 quidem
1412 3305 1495 3370 de
1539 3329 1724 3371 causa
1760 3308 2061 3395 privatim
2087 3323 2524 3395 nuncupatam

426 3415 645 3495 haime,
668 3432 739 3480 ut
764 3414 1079 3502 quidquid
1109 3413 1483 3479 mandatum
1507 3417 1588 3480 sit
1604 3463 1622 3494 ,
1654 3416 1736 3481 ad
1759 3417 1949 3482 istum
1973 3416 2302 3482 hominem
2323 3465 2342 3496 ,
2364 3421 2523 3501 ejus-

429 3541 560 3607 que
596 3542 741 3586 cum
766 3537 959 3609 poeta
988 3523 1448 3588 commercium
1464 3570 1483 3603 ,
1511 3523 1921 3610 peculiariter
1945 3523 2175 3589 referri
2196 3539 2263 3588 et
2283 3525 2484 3612 possit
2503 3571 2522 3604 ,

428 3643 497 3692 et
516 3625 773 3693 debeat.
802 3633 1025 3718 Neque
1057 3631 1127 3695 in
1158 3630 1425 3718 singulis
1448 3632 1745 3719 Epistolis
1766 3633 2060 3721 quaedam
2083 3655 2302 3699 rerum
2325 3633 2526 3699 veluti

427 3735 692 3824 vestigia
710 3783 727 3816 ,
754 3752 867 3802 aut
892 3738 1227 3805 manifesta
1259 3737 1524 3803 definere
1557 3739 1793 3804 indicia
1813 3789 1832 3823 ,
1864 3741 2099 3828 quibus
2124 3763 2267 3806 mea
2289 3741 2525 3808 confir·

432 3859 717 3910 max-etur
742 3846 1034 3927 ὑπόθεσις.
1066 3848 1138 3911 Si
1162 3847 1307 3934 quis
1326 3861 1542 3911 autem
1561 3846 1876 3932 objecerit
1897 3869 2074 3913 mera
2097 3865 2344 3915 tantum
2369 3874 2523 3917 con-

426 3956 696 4038 jectura,
720 3976 786 4023 et
811 3983 937 4040 res,
962 3977 1029 4026 et
1044 3959 1343 4047 Epistoloe
1370 3960 1678 4045 cujusque
1699 3961 2127 4048 propositum,
2155 3986 2258 4029 me
2279 3967 2527 4054 assequi
