3000 4684
1045 471 1231 538 LIB.
1288 473 1349 559 1,
1403 473 1595 542 sAT.
1647 471 1744 544 11.

2354 470 2445 543 25

362 591 632 694 Cantat,
657 619 723 673 et
743 604 1059 699 apponit:
1089 635 1122 671 α
1148 609 1342 677 Meus
1369 623 1468 678 est
1493 633 1686 680 amor
1710 609 1866 681 huic
1895 605 2167 702 similis;
2196 635 2356 680 nam

363 749 395 784 α
419 718 808 791 Transvolat
834 721 906 791 in
934 721 1158 791 medio
1187 723 1434 816 posita,
1464 740 1532 795 et
1559 724 1881 822 fugientia
1906 743 2151 826 captat.
2180 757 2216 794 n

357 840 626 908 Hiscine
653 837 991 910 versiculis
1017 865 1244 935 speras
1270 843 1396 912 tibi
1422 867 1617 938 posse
1646 842 1911 915 dolores

355 961 573 1050 Atque
597 973 790 1027 aestus
813 983 1136 1066 curasque
1160 985 1392 1054 graves
1419 987 1456 1030 e
1481 977 1755 1056 pectore
1780 960 1965 1033 tolli?

2334 971 2445 1020 izo

355 1077 630 1164 Nonne,
655 1077 1078 1172 cupidinibus
1105 1093 1350 1150 statuat
1375 1095 1619 1152 natura
1642 1081 1919 1152 modum
1945 1107 2175 1178 quem,

358 1193 540 1283 Quid
568 1193 814 1286 latura,
843 1197 974 1267 sihi
1005 1197 1168 1292 quid
1195 1199 1282 1268 sit
1310 1198 1603 1270 dolitura
1633 1215 1982 1298 negatum,

355 1313 674 1402 Quaerere
699 1315 847 1411 plus
870 1315 1144 1411 prodest
1165 1307 1234 1388 e't
1254 1317 1456 1386 inane
1480 1318 1872 1389 abscindere
1896 1316 2131 1389 soldo?

353 1433 538 1506 Num
563 1435 718 1523 tibi,
745 1459 950 1528 quum
977 1435 1198 1507 fauces
1227 1435 1364 1506 urit
1387 1436 1567 1524 sitis,
1594 1461 1796 1507 aurea
1818 1438 2054 1532 quaeris
2094 1481 2101 1492 ·

350 1547 644 1618 Pocula?
671 1574 831 1619 num
860 1554 1158 1622 esuriens
1186 1551 1446 1622 fastidis
1473 1553 1701 1623 omnia
1724 1570 1967 1650 praeter
2052 1605 2061 1616 ·

2337 1551 2445 1609 115

349 1670 696 1738 Pavonem
708 1667 1232 1764 rhombumque?
1249 1685 1513 1740 tument
1525 1671 1652 1739 tibi
1663 1696 1867 1765 quum
1883 1672 2179 1766 inguina,
2196 1693 2381 1756 num,
2396 1670 2453 1738 si

349 1785 655 1874 Ancilla,
681 1803 796 1856 aut
819 1811 1029 1856 verna
1054 1803 1154 1857 est
1175 1805 1422 1881 praesto
1445 1812 1636 1883 puer,
1660 1791 1947 1885 impetus
1972 1793 2043 1859 in
2068 1814 2267 1884 quem

350 1903 706 1974 Continuo
734 1903 881 1992 fiat,
911 1902 1104 1974 malis
1135 1907 1459 2003 tentigine
1484 1909 1756 2003 rumpi?

350 2023 516 2093 Non
547 2047 710 2116 eg03
744 2045 1030 2118 namque
1051 2023 1420 2118 parabilem
1446 2051 1605 2097 amo
1630 2029 1962 2097 Venerem
1988 2025 2403 2120 facilemque.

355 2261 619 2330 respondet
651 2262 760 2314 voci
791 2274 881 2326 ut,·
915 2263 992 2314 hae
1035 2263 1146 2314 duae
1189 2263 1372 2317 scilicet

355 2362 494 2398 vooes
531 2347 630 2398 duo
665 2347 894 2416 phraseos
921 2348 1140 2400 membra
1157 2349 1372 2417 jungunt

359 2439 418 2481 ut
451 2431 584 2498 apud
616 2428 907 2482 Callimach.
953 2448 1100 2499 supra
1128 2429 1192 2482 τὰ
1215 2430 1366 2500 μὲν...

361 2511 425 2564 τὰ
445 2511 522 2564 δὲ.
535 2513 942 2585 En.-=-positum,
965 2531 1062 2566 non
1081 2514 1368 2580 fugientem,

361 2598 453 2650 sed
483 2598 758 2665 jacentem3
792 2599 924 2666 quod
957 2615 1077 2653 nos:
1103 2598 1366 2670 enfin-me.

365 2681 545 2732 En.—
557 2681 756 2742 carm,
781 2699 871 2750 per
892 2693 1058 2735 notam
1076 2682 1203 2736 hano
1217 2682 1373 2734 canti-

364 2765 532 2818 lenam
578 2767 851 2835 respondet.
889 2764 984 2818 E'n.
1025 2795 1098 2806 —-·
1133 2771 1366 2838 apponit,

365 2851 556 2920 adjicit.
581 2879 656 2890 —-·
675 2850 982 2904 Tmmvolat
1008 2853 1074 2902 in.
1094 2850 1258 2904 medio
1273 2871 1372 2923 po-

368 2938 502 2996 sita,
539 2937 808 2988 contemnit
835 2951 893 2989 ea
924 2949 1034 3004 quae
1065 2935 1259 2988 facilius
1280 2953 1372 3004 pa·-

368 3030 562 3072 rantur.
585 3020 681 3071 En.
696 3019 1048 3090 -su'giena'a
1071 3031 1262 3091 captat,
1286 3037 1400 3073 ex·-

366 3103 527 3172 quirit
545 3120 599 3154 ea
622 3119 732 3171 quae
757 3102 972 3168 fugiunt.
1005 3103 1098 3153 En.

440 3199 464 3239 ¹
475 3187 792 3242 camliacense
804 3187 1103 3245 ver-siculis,
1120 3189 1384 3254 respondet

364 3281 512 3340 poeta
529 3271 762 3332 amatori,
783 3271 1131 3338 siscitatur-que
1148 3287 1212 3321 an
1227 3269 1278 3322 in
1293 3272 1386 3323 hac

366 3356 628 3418 cantilena,
647 3365 706 3405 ut
725 3355 882 3406 levem
907 3353 1292 3420 responsionem,
1315 3353 1386 3405 sic

367 3439 518 3492 etiam
537 3437 757 3490 dolorum
777 3448 828 3488 et
847 3453 1073 3488 mirarum
1091 3437 1388 3489 medicinam·

365 3519 626 3580 inveniet;
667 3519 848 3571 deinde
885 3535 998 3571 eum
1043 3520 1107 3571 ad
1159 3520 1387 3572 meliores

364 3620 547 3657 sensus
563 3613 719 3657 tentat
733 3603 982 3656 reducere.
999 3603 1388 3656 En.-Nonne?

369 3687 584 3739 Sensus:
625 3703 788 3739 nonne
813 3687 986 3740 utilius
1021 3697 1096 3740 est
1129 3705 1380 3758 quaerere,

366 3789 517 3842 quem
561 3771 762 3822 modum
807 3782 984 3824 natura
1028 3772 1080 3823 in
1131 3772 1386 3841 explendis

369 3857 726 3925 cupiditatibus
762 3857 1028 3911 tenendum
1065 3856 1386 3925 praescribat?

321 3979 328 3987 .
371 3943 494 4010 quid
521 3943 607 3994 illa
638 3941 736 3993 sibi
777 3951 1004 4008 negatum
1041 3941 1233 4005 latura,
1265 3941 1386 4011 quid

371 4026 469 4078 sibi
493 4036 722 4093 negatum
754 4024 863 4076 sine
893 4025 1062 4078 dolore
1099 4043 1198 4078 non
1226 4026 1385 4076 latura

373 4109 461 4172 sit,
481 4107 614 4162 sive:
642 4107 824 4176 quibus
844 4106 1061 4161 terendis
1080 4117 1256 4162 natura
1275 4123 1382 4175 par,

1439 2265 1622 2333 quibus
1656 2265 1875 2318 ferendis
1900 2265 2062 2333 impar
2085 2265 2253 2315 futura
2274 2263 2341 2314 sit
2356 2299 2371 2328 ‚
2404 2272 2457 2313 et

1440 2363 1563 2400 vana
1597 2357 1743 2418 atque
1759 2347 1929 2401 inania
1951 2367 1981 2402 a
1996 2347 2315 2402 solidioribus
2335 2346 2447 2398 dis-

1441 2433 1697 2499 tinguere?
1715 2461 1788 2472 -
1810 2435 1969 2484 inam
2004 2431 2237 2486 abscind.
2278 2429 2415 2484 solda
2432 2445 2473 2489 ‚·

1441 2532 1696 2568 secernere
1729 2517 1861 2585 quod
1889 2518 2036 2570 inane
2058 2527 2135 2570 est
2154 2517 2219 2570 ab
2240 2531 2301 2568 eo
2323 2513 2455 2583 quod

1441 2601 1767 2653 necessarium
1807 2611 1900 2652 eet.
1940 2599 2038 2652 En.
2068 2629 2139 2639 -—
2162 2596 2331 2658 solda,
2369 2613 2459 2665 pro

1443 2681 1622 2735 solido.

1475 2803 1480 2808 -
1520 2778 1643 2818 ¹1⁴.
1678 2767 1862 2820 Aurea
1892 2769 2089 2840 quoen‘s
2115 2767 2356 2830 Pocula‚·
2396 2763 2459 2817 de

1443 2850 1659 2902 hocloco
1678 2850 1861 2902 Seneca
1878 2851 2040 2918 Epist.
2066 2863 2165 2902 ¹20
2182 2871 2194 2900 :
2213 2837 2239 2898 α’
2254 2849 2463 2916 Egregie

1445 2934 1683 2986 Horatius
1704 2945 1847 2999 negat
1868 2935 1931 2986 ad
1944 2935 2083 2986 sitim
2098 2935 2347 3001 pertinere
2364 2941 2475 3000 quo·

1451 3016 1627 3087 poculo
1643 3018 1788 3085 aqui,
1810 3025 1895 3068 aut
1913 3033 2058 3085 quam
2084 3017 2292 3080 eleganti
2314 3031 2461 3067 mann

1452 3101 1787 3160 ministretur.
1814 3119 1843 3148 ³>
1868 3099 1966 3149 En.
1982 3127 2055 3137 -
2074 3099 2347 3156 Pavonem,
2376 3113 2467 3164 pa—

1451 3199 1601 3235 vones
1652 3181 1839 3234 scilieet
1890 3180 2124 3234 Romanis
2180 3181 2231 3231 in
2276 3178 2467 3230 deliciis

1453 3267 1612 3318 fuere.
1654 3267 1750 3318 En.
1790 3295 1864 3304 -
1896 3263 2198 3329 νΙιοτηόιιηιῑ
2236 3263 2349 3331 gall.
2392 3281 2467 3314 un

1455 3351 1639 3403 tur-bot.
1660 3351 1832 3404 En.·-·
1852 3363 2050 3404 tument
2061 3351 2161 3402 tihi
2172 3365 2337 3422 quum
2354 3350 2462 3417 ing.

1453 3449 1607 3502 quum
1636 3435 1853 3487 mentula
1872 3435 2080 3502 erigitur
2110 3433 2339 3485 libidine.
2366 3431 2460 3484 En.

1455 3536 1625 3572 verna
1642 3519 1797 3590 puer,
1840 3537 2009 3572 servus
2042 3517 2177 3572 domi
2211 3527 2372 3570 natus.
2396 3547 2467 3556 —-

1457 3603 1667 3674 impetus
1698 3605 1755 3654 in
1780 3619 1932 3676 quem
1962 3598 2357 3671 Contimwfiat,
2380 3600 2467 3669 qui

1458 3699 1509 3740 et
1549 3706 1702 3757 prope
1744 3688 1810 3739 sit
1826 3726 1841 3750 ,
1878 3697 1930 3739 et
1970 3687 2221 3758 explendae
2265 3684 2465 3736 libidini

1459 3781 1553 3824 tuae
1570 3810 1585 3838 ,
1616 3773 1801 3840 quippe
1822 3789 1992 3823 servus
2006 3810 2019 3834 ,
2040 3769 2235 3840 paratus
2257 3767 2339 3822 sit.
2364 3769 2460 3820 En.

1455 3885 1528 3895 —
1541 3856 1689 3907 maleit
1711 3855 1961 3926 tenu‘gine
1986 3857 2173 3926 rumpi,
2201 3855 2353 3908 occidi
2377 3854 2462 3904 ni—

1457 3940 1557 3992 mia
1576 3939 1875 3992 distentione
1894 3941 2101 3992 membri
2115 3939 2465 3992 virilis.E1›.--

1451 4021 1733 4092 parabilem
1749 4041 1862 4074 amo
1872 4023 1925 4072 V
1920 4041 2121 4075 merem
2120 4022 2469 4093 fitcilemquei

1456 4105 1710 4160 Venerem
1742 4107 1797 4158 li.
1825 4125 1870 4159 e.
1906 4107 2199 4175 voluptatem
2232 4121 2341 4174 qum
2378 4102 2469 4149 du-
