3000 4684
1024 385 1208 451 Lm.
1264 386 1325 471 1,
1378 385 1568 453 SAT.
1607 385 1801 486 vn.

2365 387 2458 458 83

356 521 694 590 Omnibus
728 535 795 588 et
826 518 1025 614 lippis
1058 537 1291 590 notum
1326 537 1394 590 et
1430 523 1809 590 tonsoribus
1843 548 2004 592 esse.

354 637 621 706 Pet-sitis
656 637 767 706 hic
800 663 1169 734 permagna
1207 640 1475 734 negotia
1516 638 1700 710 dives
1732 641 2025 711 habebat

351 754 806 846 ClazomeniS,
844 758 1047 826 etiam
1085 755 1233 827 lites
1269 783 1421 827 cum
1458 762 1646 854 Rege
1681 757 2028 847 molestas3
2415 763 2449 818 5

349 875 577 943 Durus
605 873 849 962 hom0,
882 891 1082 970 atque
1113 875 1270 945 odio
1301 878 1417 975 qui
1448 893 1673 972 posset
1702 879 1971 976 vincere
1999 883 2250 974 Regem
2269 933 2288 968 ,

348 993 713 1063 Confidens
750 993 1211 1089 tumidusque,
1247 995 1417 1066 adeo
1451 999 1782 1066 sermonis
1814 999 2060 1086 amari,

346 1223 539 1264 tantum
558 1211 669 1266 Rex
688 1216 865 1268 fuerit.
884 1215 1051 1268 En.—
1065 1235 1189 1287 pur,
1212 1229 1368 1289 atque
1438 1218 1674 1271 Horatius
1689 1257 1704 1284 ‚
1735 1220 1820 1288 qui
1857 1219 2004 1271 homo
2034 1219 2132 1270 fuit
2165 1220 2363 1290 bppus,
2379 1235 2448 1285 ‚ut

344 1311 639 1356 venenum,
681 1298 905 1365 intellige
929 1301 1147 1352 convicia
1165 1338 1179 1362 ,
1220 1301 1365 1367 plena
1437 1304 1544 1371 ipsc
1569 1303 1821 1371 profitetur
1843 1304 1946 1354 Sat.
1970 1301 2025 1366 Ι,
2054 1315 2084 1356 ὃ
2103 1343 2116 1366 ,
2147 1316 2211 1356 50
2229 1343 2245 1370 ,
2269 1306 2332 1357 ab
2352 1307 2443 1359 ad—

339 1381 483 1449 quasi
518 1382 657 1449 puris
695 1383 804 1446 (rei
838 1383 1057 1450 spui-cm)
1094 1393 1144 1433 et
1176 1399 1367 1434 veneno
1431 1386 1698 1448 vvrsariis,
1733 1385 1788 1438 ut
1818 1387 2178 1438 observavimus
2203 1403 2356 1457 tr'pra
2383 1393 2444 1442 ad

344 1462 526 1528 tincta3
561 1465 634 1515 sic
659 1463 887 1516 Catullus
908 1464 1101 1526 XLIV,
1130 1475 1212 1530 12,
1244 1483 1361 1516 ora-

340 1547 526 1599 tionem
578 1549 813 1601 conviciis
865 1547 1174 1617 inquinatam
1221 1563 1360 1603 vocat

329 1631 539 1699 plenam
556 1631 756 1682 veneni
768 1643 820 1682 et
830 1633 1229 1706 pestilentia-³7
1244 1633 1355 1699 Hy·-

336 1711 521 1774 brida5
548 1713 715 1765 Schol.
743 1732 771 1760 «ι
792 1711 947 1764 Mixti
967 1716 1161 1779 generis
1187 1731 1248 1766 ex
1268 1715 1355 1766 di-

332 1797 495 1846 versis
532 1797 744 1848 naturis.
758 1823 765 1834 ·
780 1797 1018 1865 Hybrida
1048 1796 1247 1866 proprie
1274 1796 1357 1850 di·-

332 1887 525 1928 cuntur
545 1893 689 1930 canes
704 1916 719 1944 ,
744 1879 833 1947 qui
865 1897 929 1932 ex
962 1881 1231 1947 imparibus
1254 1882 1357 1934 nati

332 1971 461 2013 sunt
478 1999 492 2026 ,
519 1970 577 2012 ut
605 1979 667 2013 ex
696 1963 919 2014 venatico
942 1974 995 2016 et
1019 1965 1250 2031 gregario.
1274 1967 1355 2019 Sic

329 2045 537 2098 Persius
573 2045 829 2113 Isybn'da·
844 2049 1222 2104 semi-romanus
1238 2085 1255 2116 ,
1291 2069 1352 2104 ex

328 2141 472 2198 patre
483 2129 659 2184 Graeco
671 2142 725 2182 et
742 2149 805 2184 ex
820 2141 976 2184 matre
994 2131 1229 2186 Romana.
1248 2155 1351 2184 »—

328 2226 381 2265 et
394 2213 573 2284 ltppelr,
595 2211 765 2284 plures
789 2215 1083 2282 interpretes
1103 2217 1353 2284 accipiunt

326 2298 391 2350 de
416 2299 703 2351 bominibus
717 2337 733 2365 ,
752 2301 840 2370 qui
856 2338 871 2360 ,
889 2299 1006 2350 dum
1025 2299 1345 2368 lippitudinis

326 2382 549 2432 curandae
562 2399 707 2434 musa
729 2383 779 2435 in
800 2383 1023 2436 tabernis
1042 2383 1343 2437 medicorum

326 2465 531 2532 sedent,
562 2467 651 2518 otii
689 2467 879 2518 terendi
914 2467 1073 2532 gratia
1102 2465 1167 2519 de
1194 2469 1343 2522 rebus

328 2547 471 2600 novis
486 2561 536 2602 et
552 2551 691 2602 urbis
708 2551 839 2604 fabul
847 2553 887 2603 is
904 2569 1155 2604 sermones
1172 2554 1339 2606 confe-

328 2641 468 2682 runt.
496 2632 593 2683 Sed
616 2635 699 2685 vix
720 2645 835 2702 puto
856 2634 1207 2702 lippitudinem
1230 2653 1337 2690 esse

326 2715 555 2766 morbum
576 2755 590 2782 ,
612 2719 749 2784 cujus
770 2720 973 2770 curandi
1000 2736 1142 2771 causa
1167 2722 1333 2772 homi-

322 2815 413 2850 nes
431 2797 483 2851 in
504 2799 801 2852 medicorum
824 2801 1042 2854 tabernis
1063 2817 1233 2868 magna
1246 2819 1335 2854 co—

321 2884 407 2952 pia
428 2885 777 2936 confluxerint.
798 2881 929 2936 Nam
948 2887 1002 2937 in
1022 2886 1126 2938 loco
1145 2887 1333 2952 Plauti,

320 2968 581 3036 Amphitr.
604 2967 699 3029 lv,
724 2980 769 3030 t,
785 2981 815 3020 3
838 2967 1001 3040 (quem
1019 2971 1071 3021 in
1086 2971 1215 3023 lianc
1230 2986 1335 3023 rem

317 3050 489 3103 attulit
512 3051 811 3122 Bentleius)
832 3070 847 3101 .·
874 3073 903 3099 (ι
922 3052 1129 3105 Omneis
1152 3053 1335 3122 pla'ttas

317 3136 597 3203 pet-reptavi
614 3173 629 3197 ,
662 3139 909 3206 gymnasia
944 3145 995 3190 et
1026 3138 1327 3207 myropolia:

316 3218 467 3287 Apud
482 3221 775 3288 emporium,
793 3232 940 3290 atque
961 3223 1013 3274 in
1034 3222 1255 3288 macello,
1277 3224 1332 3274 in

314 3302 541 3371 palaestra
557 3313 701 3373 atque
716 3307 771 3357 in
798 3305 909 3358 foro
928 3323 941 3354 :
966 3305 1033 3357 In
1050 3295 1329 3368 medicinis,

316 3386 375 3438 in
404 3386 687 3452 tonstrinis,
708 3386 842 3456 apud
864 3389 1055 3440 omneis
1078 3387 1227 3440 oedeis
1244 3404 1327 3440 sa-

310 3487 443 3522 crae.
473 3469 591 3520 Sum
612 3469 829 3522 defessus
849 3471 1157 3541 quaenitando
1173 3508 1189 3534 ,
1212 3489 1327 3524 nus-

308 3569 461 3624 quam
480 3552 678 3606 invenio
690 3553 1006 3617 Naucratem,
1024 3574 1053 3602 w
1075 3564 1168 3606 etc.
1192 3554 1327 3606 nulla

307 3637 565 3706 lipporum
579 3637 709 3688 facta
724 3649 801 3689 est
816 3638 1024 3690 mentio.
1038 3636 1325 3702 Cogitabam

308 3721 527 3788 primum
558 3721 623 3772 de
648 3719 893 3786 aniculis,
909 3735 1063 3788 quas,
1086 3735 1187 3771 non
1212 3737 1325 3772 raro

308 3803 573 3872 lippientes
592 3841 607 3865 ‚
652 3803 891 3858 Horatius
937 3819 1085 3872 supra
1131 3821 1325 3872 quoque

1432 1468 1536 1518 Sat.
1561 1467 1608 1533 1,
1633 1479 1680 1532 ι,
1705 1478 1824 1531 120,
1857 1468 2138 1520 contemtim
2165 1471 2331 1540 lippus
2354 1491 2443 1526 no-

1430 1551 1647 1602 minatus
1669 1567 1774 1602 esse
1795 1553 2008 1604 videtur.
2033 1553 2262 1606 Fortasse
2292 1558 2444 1622 igitur

1428 1649 1457 1685 a
1482 1632 1613 1698 Rege
1631 1633 1832 1701 Rupilio
1847 1651 2062 1702 quoque,
2075 1637 2182 1703 qui,
2196 1648 2250 1688 ut
2269 1639 2442 1691 scribit

1427 1711 1546 1766 Vet'.
1570 1715 1732 1768 Schol.
1757 1733 1882 1782 oegre
1902 1717 2111 1782 ferebat,
2128 1721 2260 1786 quod
2281 1721 2440 1774 Hora-

1426 1798 1526 1850 tius
1541 1837 1557 1865 ‚
1590 1799 1736 1851 homo
1762 1799 1992 1864 ignobilis
2012 1837 2026 1864 ,
2051 1801 2286 1852 tribunus
2304 1804 2440 1855 mili-

1427 1891 1528 1934 tum
1557 1883 1610 1933 in
1627 1883 1800 1934 castris
1816 1881 1962 1933 Bruti
1986 1894 2134 1948 esset,
2154 1886 2437 1937 contemtim

1410 1961 1595 2036 'lippus
1626 1965 1900 2035 appellatus
1933 1976 2036 2034 est3
2074 1969 2205 2035 quod
2237 1970 2437 2037 quidem

1424 2049 1646 2117 ineptum
1689 2050 1894 2102 convicii
1933 2066 2114 2117 genus,
2157 2069 2185 2102 a
2221 2055 2436 2121 corporis

1421 2134 1544 2188 vitio
1563 2135 1748 2202 quippe
1777 2135 1983 2203 petitum
2001 2173 2016 2196 ‚
2043 2137 2246 2189 ridendo
2277 2138 2436 2192 Hora-

1421 2219 1519 2270 tius
1551 2219 1662 2270 data
1693 2225 1842 2287 opera
1879 2230 2102 2288 repetere
2130 2221 2431 2272 videtur.—

1418 2302 1736 2363 tonsoribus,
1763 2321 1862 2356 non
1886 2305 2066 2356 mirum
2086 2343 2100 2367 ,
2139 2304 2183 2356 si
2217 2317 2433 2362 tonsores

1414 2384 1533 2436 olim
1558 2401 1752 2454 quoque
1771 2403 1831 2438 ex
1851 2403 1935 2440 ore
1954 2406 2138 2446 eorum,
2165 2407 2288 2458 quos
2315 2403 2428 2443 ton-

1412 2465 1617 2534 debant,
1644 2487 1720 2520 res
1743 2487 1889 2546 novas
1907 2471 2230 2540 accipiebant,
2249 2491 2430 2543 easque

1411 2552 1763 2618 propagabant.

1481 2641 1533 2682 4.
1569 2631 1790 2700 Negotia
1804 2670 1823 2694 ,
1851 2633 1913 2685 de
1943 2648 2132 2704 quaestu
2149 2676 2162 2698 ,
2184 2640 2272 2707 qui
2297 2641 2427 2694 redit

1407 2731 1471 2765 ex
1507 2716 1711 2768 foenore.
1738 2715 1900 2769 schot.
1925 2717 2082 2789 Cruq.
2111 2741 2137 2766 ct
2159 2733 2264 2774 erat
2286 2725 2422 2776 enim

1406 2795 1624 2846 Per-sius
1637 2799 1908 2863 negotiator
1918 2804 2047 2868 apud
2055 2803 2382 2862 Clazomenas.
2391 2827 2418 2854 ι»

1405 2879 1479 2931 De
1496 2881 2144 2949 negotiatos-ibusRomam‘s
2163 2888 2356 2954 copiose
2371 2901 2424 2941 ct

1406 2964 1600 3016 erudite
1645 2965 1743 3031 egit
1776 2963 2050 3031 Emefcius
2095 2967 2148 3018 in
2187 2971 2421 3036 peculiari

1403 3049 1775 3112 dissertatione,
1805 3067 1952 3119 quam
1991 3051 2043 3103 in
2076 3055 2418 3122 compendium

1408 3135 1590 3204 redegit
1614 3135 1664 3186 in
1685 3134 1823 3187 clav.
1847 3135 1950 3188 Cic.
1977 3152 2020 3187 s.
2048 3155 2094 3188 v.
2113 3139 2410 3206 negott‘atqr.
2477 3163 2485 3172 ·

1403 3218 1674 3268 —Durus
1692 3215 1852 3279 homo,
1877 3219 2092 3272 durioris
2111 3222 2297 3287 ingenii
2315 3222 2411 3272 ho·
2464 3247 2472 3268 t

1402 3316 1499 3366 mo,
1532 3318 1689 3369 asper,
1723 3303 1968 3370 pervicax,
1993 3303 2232 3366 difficilis,
2253 3321 2414 3372 oppo-

1403 3385 1542 3436 nitur
1571 3386 1764 3442 homini
1801 3388 1944 3454 miti,
1977 3387 2132 3450 comi,
2169 3387 2316 3439 facili.
2340 3417 2412 3428 —-

1398 3479 1554 3538 atque
1582 3466 1698 3520 odio
1717 3469 1996 3540 quipe-sset
2013 3470 2156 3522 vinc.
2181 3469 2370 3540 Regem
2385 3506 2404 3530 ,

1398 3561 1449 3602 et
1486 3552 1780 3606 insolentior
1813 3553 1944 3618 Rege
1960 3553 1982 3619 ς’
2015 3551 2190 3604 odium
2222 3555 2285 3605 de
2321 3555 2407 3608 in-

1396 3635 1602 3690 uolentia
1650 3648 1702 3688 et
1749 3638 2120 3706 importunitate
2161 3637 2268 3690 Cic.
2315 3659 2407 3708 pro

1396 3719 1593 3771 Cluent.
1621 3731 1718 3773 59:
1745 3721 1916 3788 «quod
1948 3731 2053 3771 erat
2081 3719 2285 3782 oda’cem,
2319 3723 2404 3776 Dii

1398 3801 1724 3864 immor-talea,
1752 3819 1861 3869 quoe
1894 3803 2152 3870 superbia!
2175 3826 2201 3852 υ
2225 3803 2405 3866 Eme-2

308 3887 408 3938 Sat.
432 3887 479 3952 1,
502 3898 556 3952 4,
580 3897 671 3954 38,
694 3887 759 3938 ad
783 3903 869 3938 eos
891 3886 1065 3952 refert,
1088 3902 1119 3938 a
1140 3885 1323 3954 quibus
1392 3887 1522 3935 stim
1554 3886 1610 3936 in
1631 3883 1767 3936 Clav.
1788 3882 1894 3936 Cio.
1913 3902 1953 3934 s.
1981 3903 2024 3936 v.
2043 3884 2212 3938 odium
2235 3887 2404 3940 laudat
2433 3933 2440 3942 .

308 3987 385 4020 res
404 3987 534 4022 nom
552 3971 629 4024 vel
654 3969 875 4022 maxime
893 3969 1078 4037 captari
1097 3979 1147 4020 et
1162 3968 1321 4020 diffa-

306 4055 427 4107 mari
452 4055 633 4109 nolent.
668 4055 769 4106 Sed
806 4069 941 4106 nuno
972 4052 1115 4104 aliter
1136 4052 1316 4106 sentio.

1384 3960 1600 4020 'Tei-ent.
1634 3968 1810 4038 Hecyr.
1838 3969 1939 4026 111,
1967 3981 2018 4037 2,
2042 3981 2094 4035 8,
2117 3983 2166 4023 et
2193 3973 2396 4026 Phorm.

1394 4051 1461 4116 V,
1482 4063 1534 4118 o,
1547 4063 1578 4105 9
1595 4070 1607 4104 ε
1627 4071 1652 4099 α
1666 4067 1912 4122 nunquam
1933 4053 2075 4104 hodie
2094 4054 2206 4107 odio
2223 4067 2308 4108 tuo
2325 4074 2403 4108 me

1961 4143 2120 4214 ⁸6³
