3000 4684
466 339 607 432 442
1206 342 1813 412 PnooEmuM

463 499 607 586 gior
630 495 1061 570 acdifficilior
1086 495 1198 572 sit;
1232 494 1582 583 pulchrum
1608 494 1767 560 illud
1793 495 2102 583 templum
2121 543 2142 574 ,
2172 494 2354 582 quod
2379 495 2572 559 iden-

462 609 665 675 tidem
688 607 1071 698 apparebat,
1099 607 1409 673 recedere
1436 606 1695 696 longius
1717 606 2010 684 videtur3
2039 607 2310 672 interim
2321 605 2566 670 ductor

460 733 763 784 moestum
806 717 1289 784 adolescentem
1330 738 1536 804 usque
1575 739 1772 782 manu
1811 714 2079 783 trahens
2097 763 2114 796 ,
2159 739 2310 782 cum
2345 737 2428 780 eo
2463 729 2564 779 ta·-

462 851 617 894 men
641 875 660 907 ,
706 850 845 894 non
888 827 1028 894 sine
1068 827 1465 910 malignitate
1488 873 1508 906 ,
1553 827 1843 916 loquitur
1893 827 1977 893 de
2018 826 2322 914 periculis
2347 873 2366 905 ,
2414 847 2566 913 quae

464 959 605 1002 uon
636 936 765 1002 nisi
800 935 1113 1024 singulari
1148 935 1455 1001 felicitate
1490 937 1808 1015 vitentur,
1833 934 2081 1001 indicat
2105 935 2336 1023 quihus
2357 934 2430 998 in
2453 953 2567 1020 pa-

464 1045 731 1112 ludibus
754 1067 925 1134 saepe
949 1047 1314 1125 aberretur,
1347 1046 1462 1133 qui
1492 1062 1751 1112 montes
1785 1046 1994 1134 asperi
2026 1043 2372 1133 superandi
2401 1044 2561 1120 sint,

468 1177 602 1242 quo
624 1153 880 1242 pudore
908 1178 984 1221 ac
1010 1155 1251 1221 damno
1274 1155 1492 1222 affecti
1519 1157 1654 1221 sint
1681 1155 1987 1222 nonnulli
2001 1203 2021 1235 ,
2049 1157 2161 1244 qui
2176 1203 2193 1234 ,
2234 1153 2458 1220 eadem
2485 1175 2566 1219 re

468 1281 755 1353 suscepta
777 1313 797 1344 ,
842 1265 1089 1332 viribus
1134 1281 1332 1354 atque
1370 1266 1590 1332 animo
1629 1265 2034 1342 defecerint3
2065 1265 2351 1359 denique
2378 1263 2570 1328 illum

467 1374 683 1440 media
700 1377 771 1441 in
796 1375 952 1441 silva
980 1375 1221 1440 deserit
1238 1423 1257 1455 ,
1298 1375 1690 1440 affirmando
1712 1398 1862 1440 eum
1883 1377 2012 1440 iter
2037 1396 2312 1464 pergere
2333 1396 2520 1462 posse
2541 1423 2561 1454 ,

469 1485 573 1551 vel
600 1485 807 1572 (quod
832 1507 987 1550 sane
1018 1485 1215 1550 tutius
1236 1485 1457 1571 esset),
1486 1485 1572 1549 ab
1599 1485 1888 1572 incoepto
1921 1483 2256 1550 desistere.
2295 1485 2387 1548 Ea
2422 1483 2568 1548 fero

469 1597 635 1662 ratio
668 1612 769 1662 est
792 1617 921 1684 qua
944 1594 1109 1661 solet
1129 1596 1358 1679 juveni
1386 1577 1658 1660 illudere
1678 1641 1697 1674 ‚
1737 1595 1842 1660 eui
1871 1595 1954 1660 ad
1979 1598 2365 1661 Parnassum
2391 1594 2567 1661 viam

472 1721 953 1770 montraturum
1000 1727 1068 1770 se
1111 1703 1479 1792 pollicetur.
1535 1703 1878 1769 Interdum
1921 1719 2141 1769 tamen
2189 1705 2438 1769 animos
2471 1701 2570 1768 illi

470 1829 723 1880 recreat
762 1813 1079 1902 erigitque
1098 1862 1115 1888 ,
1156 1835 1321 1902 quos
1356 1813 1581 1878 labore
1617 1835 1693 1879 ac
1723 1828 1904 1879 metu
1933 1814 2171 1903 fregit:
2211 1837 2297 1880 ne
2325 1814 2565 1894 minor,

472 1947 638 1990 neve
666 1925 896 2013 quinto
918 1939 1069 1990 actu
1089 1921 1477 2013 productior
1500 1924 1584 1988 sit
1605 1923 1848 2004 fabula,
1874 1923 2100 1990 sedulo
2125 1923 2568 1990 adolescentu-

472 2033 609 2098 lum
647 2049 873 2100 monet
894 2081 915 2112 ,
959 2033 1137 2120 quasi
1182 2032 1441 2098 maximi
1487 2035 1804 2098 momenti
1847 2035 1930 2098 sit
1975 2034 2156 2099 istius
2201 2033 2379 2098 modi
2424 2032 2526 2098 lex
2547 2081 2566 2113 ,

476 2165 669 2231 quam
692 2143 1004 2230 pessimus
1024 2143 1296 2230 quisque
1322 2156 1546 2229 poeta,
1573 2157 1706 2206 tam
1727 2142 1920 2222 bene,
1943 2163 2132 2230 quam
2155 2141 2292 2229 ipse
2310 2141 2574 2228 AEschy-

470 2253 572 2318 lus
592 2298 612 2329 ,
634 2252 985 2316 observare
1014 2266 1206 2338 queat
1234 2275 1251 2314 =
1292 2251 1493 2317 docet
1529 2273 1661 2339 quo
1703 2251 2008 2337 componi
2043 2249 2240 2314 modo
2279 2247 2572 2313 debeant:

474 2359 755 2425 trimetri
778 2381 1002 2424 versus
1024 2383 1041 2422 ε
1076 2357 1319 2424 fatetur
1342 2359 1581 2426 delicta
1611 2359 1900 2449 quaedam
1923 2381 2060 2424 esse
2075 2406 2094 2438 ,
2129 2357 2364 2446 quibus
2387 2357 2580 2444 igno·

476 2467 789 2536 scendum
814 2483 1059 2547 censet,
1084 2483 1159 2544 ut
1180 2489 1324 2555 quoe
1346 2468 1635 2536 humana
1661 2491 1886 2557 parum
1913 2483 2137 2536 caveat
2155 2483 2415 2546 natura,
2439 2483 2572 2532 etc.

477 2576 765 2642 Tandem
793 2593 1137 2666 postquam
1170 2578 1255 2644 ad
1290 2601 1516 2644 aurem
1546 2579 1847 2657 accessit,
1881 2578 2059 2666 quasi
2093 2599 2236 2642 rem
2269 2597 2582 2662 magnam

478 2703 648 2755 esset
684 2711 833 2754 cum
872 2711 953 2754 eo
998 2690 1595 2756 communicaturus
1617 2737 1634 2768 ,
1689 2687 1932 2777 liquida
1971 2710 2135 2755 voce
2174 2688 2534 2754 insusurrat
2553 2736 2572 2768 ,

482 2812 677 2887 poeta
700 2797 1017 2866 mediocri
1042 2799 1206 2864 nihil
1228 2821 1362 2866 esse
1386 2799 1702 2864 miserius.

571 2912 715 2974 Jam
750 2912 836 2976 ab
868 2910 995 2976 hoc
1031 2911 1213 2990 loco,
1248 2933 1477 2976 verum
1512 2909 1767 2976 Horatii
1803 2911 2214 2998 propositum
2239 2911 2310 2974 in
2335 2909 2464 2975 hoc
2492 2910 2578 2975 de

477 3021 637 3083 Arte
660 3019 928 3085 Poetica
958 3035 1023 3085 et
1050 3021 1259 3107 poetis
1286 3021 1580 3086 discursu
1596 3067 1614 3098 ,
1641 3035 1777 3083 tam
1803 3019 2020 3086 lucide
2048 3035 2356 3108 apparet,
2387 3035 2460 3084 ut
2485 3019 2576 3084 le-

478 3128 661 3216 genti
712 3129 917 3194 cuivis
958 3130 1367 3195 manifestum
1405 3131 1512 3196 sit.
1557 3133 1910 3218 Postquam
1948 3143 2051 3195 tot
2095 3145 2164 3194 et
2209 3144 2340 3195 tam
2377 3127 2577 3192 multa

483 3236 731 3302 dixerat
752 3283 771 3317 ,
806 3253 881 3301 ut
914 3253 1078 3325 quot
1118 3253 1504 3326 quantasque
1541 3241 1672 3303 sint
1698 3239 1767 3302 in
1794 3259 2120 3303 musarum
2147 3255 2283 3303 arte
2311 3235 2581 3302 difficul-

479 3357 681 3421 tates,
708 3343 1219 3425 demonstraret,
1254 3361 1396 3410 erat
1430 3363 1648 3410 tamen
1683 3345 1862 3433 quod
1892 3346 2151 3411 sibimet
2183 3347 2305 3435 ipsi
2329 3345 2582 3412 adoles-

481 3451 779 3519 centulus
812 3453 1023 3540 aliqua
1060 3454 1315 3520 ratione
1350 3455 1572 3520 fucum
1607 3454 1822 3521 adhuc
1856 3455 2122 3522 faceret.
2163 3457 2379 3522 Tacite
2421 3479 2588 3546 ergo

484 3583 703 3628 secum
728 3579 1039 3650 reputans
1063 3587 1081 3640 ς
1110 3591 1141 3623 α
1172 3579 1383 3644 recte,
1414 3561 1663 3641 aiebat;
1699 3565 1788 3628 ita
1814 3565 1932 3641 sit;
1972 3581 2036 3629 at
2065 3565 2226 3629 mihi
2254 3589 2394 3632 non
2420 3589 2586 3654 opus

483 3687 579 3738 est
602 3688 675 3737 ut
700 3673 820 3738 sim
846 3695 929 3737 ex
956 3688 1297 3761 poetarum
1327 3674 1998 3763 praestantissimorum
2019 3697 2333 3752 numero3
2364 3697 2580 3741 versus

483 3779 675 3861 facio,
702 3783 1161 3850 oblectamenti
1180 3807 1389 3852 causa.
1418 3786 1600 3851 Multi
1625 3783 1730 3853 alii
1754 3783 2096 3873 tragoedias
2117 3799 2183 3851 et
2205 3783 2575 3863 comoedias,

486 3887 704 3974 elegos
742 3908 855 3956 aut
902 3893 1148 3960 iambos
1188 3895 1588 3983 scripserunt
1608 3943 1625 3974 ,
1671 3918 1796 3960 nec
1835 3895 2116 3982 primum
2155 3895 2226 3960 in
2270 3898 2582 3959 Parnasso

482 3995 700 4062 locum
724 3999 1131 4068 affectavere.
1163 4007 1289 4070 Fac
1308 4027 1528 4071 versus
1545 4027 1726 4072 meos
1749 4027 1886 4072 non
1911 4004 2316 4092 politissimos
2335 4027 2496 4085 esse,
2521 4020 2592 4069 at
