3000 4684
548 388 681 481 xxlj
882 388 1015 457 DE
1065 384 1508 456 ORIGINE
1558 386 1677 454 ET
1726 384 2316 457 PROGRESSU

550 523 876 596 laborem
912 548 1125 596 suum
1157 522 1673 595 contulerunt:
1708 522 1927 598 laudo
1968 524 2263 597 illorum
2296 514 2643 619 conatuS,

549 644 677 740 qui
713 641 895 715 mihi
923 645 1112 715 viam
1145 657 1609 740 aperuerunt.
1648 642 1723 713 Si
1761 666 1903 740 qua
1944 643 2023 713 in
2064 666 2142 729 re
2175 666 2311 739 ego
2356 666 2481 716 eos
2520 670 2643 717 su·

549 761 834 857 peravi,
866 783 1087 832 omne
1124 758 1307 832 illud
1345 773 1726 856 acceptum
1763 759 1997 831 refero
2036 761 2319 856 magnis
2358 760 2513 832 istis
2556 788 2649 834 ex

547 877 972 974 antiquitate
997 879 1192 970 viris,
1219 864 1404 976 quos
1431 878 1701 973 majore
1730 902 1899 949 cum
1926 902 2120 968 cura,
2150 880 2425 975 maiore
2449 896 2647 953 certe

547 995 739 1086 otio,
779 995 963 1093 legi:
1005 1002 1403 1070 Homerum
1444 995 1611 1067 dico
1630 1050 1649 1087 ,
1690 994 2066 1068 Platonem
2088 1050 2108 1089 ,
2143 996 2599 1070 Aristotelem
2618 1054 2643 1091 ,

547 1110 870 1211 aliosque
921 1128 1068 1187 tam
1101 1120 1421 1204 Graecos,
1476 1138 1696 1212 quam
1740 1116 2033 1187 Latinos
2052 1168 2072 1207 ,
2118 1138 2307 1212 quos
2349 1114 2643 1189 assidue

547 1244 736 1321 tero,
770 1244 853 1302 ut
878 1230 972 1303 ad
1000 1254 1256 1304 eorum
1291 1246 1582 1328 gustum
1610 1232 1999 1307 reformem
2034 1253 2313 1323 meum,
2344 1256 2637 1305 eorum-

545 1370 690 1445 que
725 1347 1050 1419 fontibus
1079 1348 1357 1443 ingenii
1389 1361 1464 1419 et
1493 1347 1754 1443 judicii
1788 1348 1931 1419 mei
1957 1346 2291 1420 hortulos
2320 1350 2639 1445 irrigem.

641 1468 801 1535 Non
847 1463 1150 1567 desunt,
1197 1463 1384 1549 scio,
1419 1462 1533 1534 his
1566 1462 2019 1560 temporibus
2058 1464 2185 1562 qui
2216 1488 2479 1559 magna
2512 1464 2645 1537 illa·

543 1582 848 1653 nomina
871 1582 1021 1652 risu
1049 1582 1454 1679 excipiunt,
1489 1581 1616 1679 qui
1646 1580 2047 1653 reclamant
2078 1580 2447 1673 laudibus,
2478 1583 2639 1679 qui·

540 1697 678 1771 bus
714 1723 845 1796 per
875 1699 1122 1770 omnia
1151 1698 1410 1770 saecula
1441 1695 1781 1769 celebrati
1816 1698 2200 1795 ornatique
2228 1713 2399 1769 sunt
2421 1752 2440 1789 ,
2473 1699 2637 1795 qui·

540 1842 682 1916 que
723 1818 887 1889 illos
925 1816 1234 1916 spoliare
1271 1792 1496 1889 velint
1534 1816 1623 1887 iis
1662 1816 1995 1907 coronis,
2028 1800 2207 1914 quas
2250 1830 2456 1888 tanto
2496 1840 2633 1889 suo

539 1934 802 2006 merito
829 1950 998 2005 ante
1033 1932 1352 2005 tribunal
1380 1934 1565 2004 adeo
1602 1948 1992 2028 augustum
2032 1948 2517 2030 reportarunt.
2544 1937 2637 2004 At

538 2050 642 2141 bi,
668 2050 845 2121 dum
871 2051 1106 2121 nimio
1133 2050 1541 2121 efferuntur
1566 2048 1813 2119 studio
1836 2072 1995 2119 eam
2022 2048 2390 2121 devitandi
2408 2049 2637 2121 admi-

537 2168 932 2255 rationem,
973 2190 1134 2263 quae
1178 2178 1418 2236 macer·
1451 2180 1564 2236 est
1603 2169 2081 2263 ignorantiae,
2129 2166 2635 2263 imprudentes

536 2283 926 2357 discedunt
963 2283 1058 2355 ab
1097 2283 1318 2355 altera
1358 2283 1517 2374 illa,
1561 2308 1777 2382 quam
1812 2284 2014 2357 Plato
2048 2300 2427 2382 nuncupat
2469 2307 2635 2356 ma-

534 2412 718 2471 trem
763 2405 1154 2497 sapientia·
1173 2454 1192 2484 ,
1248 2424 1553 2498 quaeque
1606 2402 1838 2499 prima
1894 2400 2149 2473 oculos
2204 2401 2635 2475 bominibus

533 2518 856 2619 aperuit.'
895 2519 1194 2591 Minime
1244 2520 1470 2591 miror
1524 2516 2151 2618 pulchritudinem
2200 2519 2397 2591 illam
2442 2519 2632 2591 divi·

535 2659 739 2727 nam,
761 2660 920 2734 quae
942 2634 1140 2732 apud
1166 2638 1551 2733 scriptores
1580 2635 1796 2732 longe
1828 2637 2457 2734 praestantissimos
2480 2635 2635 2707 elu-

533 2768 681 2843 cet,
718 2754 893 2825 istos
924 2752 1260 2825 homines
1297 2778 1450 2826 non
1489 2778 1775 2852 capere,
1805 2776 2045 2850 neque
2074 2752 2389 2840 trahere3
2422 2752 2633 2824 infir-

531 2872 798 2945 miores
853 2884 1065 2961 sunt,
1109 2895 1328 2967 quam
1383 2886 1464 2943 ut
1520 2869 1773 2943 oculos
1830 2869 2049 2941 tantis
2104 2868 2633 2968 splendoribus

534 2990 858 3062 intentos
905 2988 1031 3060 diu
1081 3002 1329 3061 tenere
1373 3002 1690 3084 queant:
1732 3010 1829 3057 ne
1875 2984 2112 3057 dicam
2152 2984 2437 3057 facilem
2472 3009 2630 3057 esse

532 3132 684 3179 rem
729 3106 1086 3202 Antiquos
1137 3119 1648 3191 contemnere,
1702 3101 2138 3173 laboriosam
2186 3124 2355 3173 vero
2408 3099 2629 3172 intel-

529 3221 772 3319 ligere.

621 3340 840 3428 Quod
866 3341 961 3411 ad
993 3362 1110 3411 me
1143 3340 1442 3424 attinet,
1479 3338 1787 3411 Divinos
1822 3338 1985 3411 illos
2010 3339 2223 3411 Viros
2252 3361 2341 3409 ex
2374 3338 2629 3409 animo

532 3472 728 3529 totus
755 3456 1078 3529 admiror
1105 3470 1178 3526 et
1205 3478 1533 3527 veneror.
1568 3459 1709 3526 Eos
1734 3455 1917 3529 mihi
1944 3478 2231 3552 semper
2244 3452 2347 3524 ob
2368 3452 2625 3526 oculos

521 3600 758 3673 pono,
801 3575 1002 3647 velut
1035 3574 1318 3671 judices
1359 3573 1721 3646 verendos
1764 3590 1838 3647 et
1880 3576 2381 3669 incorruptoS,
2422 3567 2625 3667 apud

521 3716 707 3788 quos
741 3692 1058 3765 libenter
1093 3690 1291 3787 fingo
1319 3689 1769 3763 reddendam
1794 3690 1977 3762 mihi
2000 3714 2155 3763 esse
2179 3688 2623 3785 scriptorum

525 3832 856 3881 meorum
889 3812 1276 3883 rationem.

573 3986 580 3993 .
625 3929 880 4024 Magna
909 3928 1204 4001 interim
1237 3926 1472 4001 ducor
1497 3926 1934 4025 posteritatis
1964 3924 2399 3997 reverentia:
2428 3923 2625 3994 timi-
