3000 4684
30 1461 40 1562 *v-
31 1259 45 1396 q·v·=
32 1159 49 1196 -ι
33 1061 51 1098 1·-
36 963 53 1002 «ι-

718 351 828 420 IN
876 349 1445 419 EPISTOLAM
1494 353 1630 420 AD
1677 349 2110 425 P1soNEs.
2320 353 2462 446 545

337 475 348 480 ¹
380 491 565 548 εὺηον.
600 489 891 566 Expressit
920 489 1015 544 bic
1040 487 1343 566 Virgilium
1371 489 1608 558 Statius,
1645 490 1828 547 Theb.
1861 491 1932 560 V,
1965 498 2110 562 422,
2149 493 2224 550 de
2255 497 2464 573 Minyis

382 589 665 646 Lemnum
688 585 1153 643 advenientibus:
1182 609 1205 635 α
1224 585 1463 642 Eminus
1499 586 1750 662 abrupto
1796 589 2064 662 quatiunt
2099 609 2252 648 nova
2291 593 2464 652 litora

384 685 550 753 saltu,
576 685 930 760 Magnorum
955 682 1168 740 decora
1202 682 1316 738 alta
1346 693 1596 758 patrum,
1617 683 1737 756 jam
1767 685 1960 743 fronte
1984 689 2187 757 sereni,
2209 690 2470 749 Noscen-

382 781 563 856 dique
584 781 784 837 babitu
799 819 817 849 ,
850 790 1155 856 postquem
1180 793 1373 836 tumor
1400 781 1604 855 iraque
1631 781 1793 838 cessit
1816 783 2098 841 Vultibus.
2119 809 2144 834 n
2159 787 2470 864 Ita‘legen-

384 879 554 948 dum,
600 897 721 934 non
752 879 943 946 timor,
989 877 1149 952 quod
1181 887 1237 934 et
1267 877 1436 946 editi,
1466 890 1524 933 et
1555 888 1808 952 quatuor
1839 883 2022 937 nostri
2054 883 2278 940 codices
2303 886 2471 942 exhi-

384 977 539 1034 bent.
573 975 865 1050 Virgilius,
884 976 996 1043 VI,
1020 981 1153 1048 407,
1180 974 1255 1030 de
1277 973 1603 1031 Charonte:
1638 1001 1662 1025 α
1682 978 1904 1032 tumida
1935 997 2004 1034 ex
2030 980 2118 1034 ira
2145 991 2268 1035 tum
2293 984 2475 1040 corda

384 1073 659 1131 residunt.
672 1098 697 1119 u
718 1072 792 1128 Et
814 1072 1044 1140 ibidem,
1068 1073 1162 1141 48,
1190 1072 1265 1129 de
1293 1071 1508 1148 Sibylla
1533 1093 1548 1126 ε
1575 1097 1598 1122 α
1617 1073 1732 1130 Sed
1751 1084 1948 1148 pectus
1973 1076 2260 1146 anhelum,
2283 1079 2357 1134 Et
2381 1099 2476 1136 m-

386 1171 476 1226 bie
498 1169 619 1226 fera
658 1169 837 1226 corda
870 1181 1105 1225 tument.
1130 1193 1153 1220 n
1172 1170 1383 1225 Noster
1403 1187 1598 1244 supra,
1625 1188 1679 1225 V.
1702 1175 1810 1245 94:
1837 1195 1860 1220 α
1876 1173 2180 1249 Iratus-que
2203 1167 2475 1235 Cb‘remes

383 1269 603 1324 tumido
626 1267 881 1343 delitigat
901 1285 1022 1324 ore.
1039 1292 1063 1318 ιι
1083 1269 1313 1333 Seneca,
1330 1268 1391 1323 in
1405 1266 1674 1344 Thyeste,
1693 1266 1833 1344 519:
1848 1293 1872 1320 α
1886 1273 2140 1327 Ponatur
2162 1276 2346 1332 omnis
2362 1278 2472 1345 im,

386 1376 443 1422 et
459 1383 529 1422 ex
547 1365 739 1422 animo
760 1377 948 1420 mmor
958 1365 1169 1420 Erasus
1194 1363 1361 1420 abeat
1376 1383 1389 1418 τ
1407 1387 1431 1414 n
1454 1376 1510 1420 et
1537 1363 1808 1422 Phoeniss.
1835 1364 1980 1422 352:
2003 1391 2024 1416 α
2037 1369 2240 1426 Tumet
2254 1373 2476 1430 animus

300 1476 309 1488 ·
384 1463 495 1530 im,
525 1462 707 1520 fervet
732 1462 1072 1520 immensum
1095 1461 1288 1518 dolor.
1311 1485 1335 1510 ιι
1366 1459 1724 1536 Capitolinus
1751 1463 1810 1518 in
1832 1464 2106 1520 Pertinnc.
2134 1485 2182 1522 c.
2213 1487 2236 1522 1
2252 1488 2299 1524 1:
2319 1493 2344 1520 α
2363 1471 2478 1527 sed

384 1577 565 1634 quum
585 1577 737 1616 unus
756 1577 789 1615 e
804 1559 1057 1634 Tungris
1076 1559 1133 1614 in
1152 1559 1303 1614 iram
1314 1571 1375 1614 et
1388 1567 1664 1614 mmor-em
1685 1559 1891 1617 milites
1905 1561 2200 1635 loquendo
2214 1565 2482 1624 adduxis-

386 1667 487 1714 set.
508 1679 533 1706 υ
561 1657 647 1711 Ita
684 1668 837 1712 recte
868 1655 1192 1713 emendavit
1221 1654 1556 1724 Salmasius,
1591 1673 1772 1729 quum
1807 1657 1983 1733 vulgo
2024 1671 2164 1716 esset
2197 1663 2476 1721 timoiem.

386 1751 595 1822 Livius,
626 1753 832 1809 XXXI
845 1794 866 1821 ,
893 1753 929 1810 8
950 1775 963 1810 :
982 1779 1007 1804 a
1030 1753 1230 1810 Multis
1255 1753 1317 1808 in
1344 1752 1505 1808 Italia
1537 1754 1810 1810 contactis
1836 1755 2100 1830 gentibus
2118 1759 2321 1816 Punici
2343 1760 2484 1818 honi

386 1850 679 1918 societate,
707 1851 909 1926 imque
930 1850 1067 1907 inde
1091 1849 1457 1906 tumentibus.
1478 1874 1502 1898 υ
1524 1849 1878 1918 Lactantius,
1909 1851 1984 1909 de
2009 1855 2102 1909 Ira
2134 1855 2270 1926 Dei,
2292 1875 2341 1912 c.
2369 1860 2476 1916 18:

388 1971 413 1998 «ι
434 1945 692 2004 Dedisset
735 1948 841 2002 ἱνα·
882 1947 1127 2022 spatium
1142 1988 1161 2016 ,
1205 1958 1271 2002 ut
1292 1927 1601 2003 'residente
1654 1963 1762 2022 per
1807 1947 2172 2006 intervallum
2211 1956 2485 2029 temporis

385 2041 575 2098 animi
591 2053 835 2108 tumore,
858 2039 1098 2097 haberet
1117 2040 1358 2098 modum
1384 2041 1692 2116 castigatio.
1713 2065 1736 2091 υ
1761 2042 2074 2112 mobilis,
2095 2045 2194 2101 lib.
2215 2047 2242 2101 Ι
2267 2067 2320 2101 :oe
2333 2049 2486 2105 Nul-
2594 2037 2604 2044 ⁵

386 2140 477 2197 lus
511 2153 700 2196 tumor
727 2140 1143 2216 indignationis
1169 2139 1229 2194 in
1262 2139 1371 2196 diis
1397 2149 1494 2196 est.
1517 2165 1540 2183 u
1565 2139 1978 2210 Quintilianus,
2019 2143 2268 2200 Decium.
2301 2147 2484 2204 XIII:

384 2263 409 2288 a
430 2235 665 2292 Etiamsi
690 2235 929 2293 diversis
954 2235 1184 2311 regibus
1214 2232 1433 2314 (apum)
1462 2248 1662 2293 coorta
1689 2237 1890 2294 seditio
1913 2239 1984 2295 ad
2019 2240 2236 2298 bellum
2263 2240 2486 2300 inflam-

384 2339 561 2396 mavit
587 2340 735 2408 itus,
777 2337 986 2412 exiguo
1030 2337 1269 2412 pulvere
1308 2337 1401 2394 vel
1437 2338 1608 2392 unius
1651 2357 1818 2414 poens
1857 2338 2019 2396 ducis
2052 2339 2263 2398 resedit
2301 2343 2486 2401 omnis

381 2450 588 2494 tumor.
612 2461 637 2488 ι»
665 2439 908 2504 Seneca,
941 2436 1015 2492 de
1055 2437 1181 2505 Ira,
1215 2436 1315 2492 lib.
1344 2437 1429 2492 111
1450 2475 1467 2503 ,
1505 2455 1630 2512 cap.
1667 2455 1740 2492 2:
1774 2461 1798 2488 e«
1819 2437 2030 2496 Rabies
2065 2438 2298 2498 infanda
2335 2442 2482 2497 civi-

384 2543 557 2589 tatem
596 2533 757 2600 tulit;
796 2551 903 2590 nec
944 2533 1141 2590 datum
1186 2545 1408 2609 tempus
1450 2551 1570 2606 quo
1611 2533 1884 2592 resideret
1919 2549 2112 2592 tumor·
2147 2536 2429 2612 publicus.
2459 2565 2482 2587 υ

385 2630 621 2698 Statius,
660 2629 939 2686 Thebaid.
972 2629 1073 2684 lib.
1106 2629 1227 2697 IX,
1264 2647 1343 2684 vs.
1384 2628 1486 2700 76,
1529 2629 1602 2686 de
1647 2631 1918 2706 Polynice
1957 2649 2159 2689 mnus
2199 2633 2309 2690 sibi
2353 2635 2486 2692 illa-

383 2737 555 2785 turo:
588 2751 613 2778 «ι
650 2769 665 2782 .
682 2769 696 2780 .
718 2769 731 2782 .
745 2767 759 2780 .
773 2767 787 2780 .
810 2737 1047 2783 exuerat
1090 2724 1293 2800 vagina
1333 2721 1602 2780 turbidus
1643 2744 1862 2792 ensem,
1909 2725 2273 2800 Aptabatque
2319 2733 2480 2788 neci:

384 2825 617 2882 comites
648 2835 887 2882 tenuere
900 2863 917 2893 ,
964 2839 1242 2896 socerque
1270 2820 1518 2896 Castigat
1532 2859 1549 2889 ,
1593 2819 1846 2895 bellique
1873 2821 2022 2878 vices
2053 2841 2118 2878 ac
2145 2823 2258 2878 fata
2285 2829 2484 2883 revol-

381 2939 549 2991 vens,
578 2920 808 2978 Solatur·
848 2920 1151 2976 tumidum.
1170 2943 1195 2970 ι»
1226 2918 1345 2974 Ubi
1384 2917 1573 2974 solari
1607 2916 1883 2972 tumidum
1919 2917 2093 2992 plane
2129 2917 2392 2977 idem‘est
2415 2942 2482 2980 ac

376 3037 597 3094 pacare
614 3030 923 3074 tumentem
938 3037 957 3072 .·
990 3027 1047 3073 et
1062 3058 1079 3088 ,
1112 3028 1177 3072 ut
1203 3016 1411 3072 iterum
1443 3013 1626 3070 discas
1651 3031 1826 3088 quam
1853 3013 2110 3090 proclive
2138 3028 2278 3072 esset
2299 3017 2482 3076 libra-

380 3118 481 3175 riis
506 3117 697 3176 locum
724 3117 891 3186 hunc
900 3115 1085 3172 Flacci
1112 3113 1495 3190 interpolare,
1523 3111 1706 3170 codex
1735 3111 1898 3170 Statii
1917 3112 2199 3170 Petrensis
2219 3115 2480 3174 timidum

378 3215 547 3272 nobis
573 3225 629 3272 et
652 3214 747 3272 hic
774 3213 1053 3271 obtrudit.
1076 3212 1219 3268 Jure
1246 3211 1440 3287 igitur,
1469 3210 1700 3286 opinor,
1726 3210 2031 3269 lectionem
2058 3211 2204 3266 hanc
2227 3197 2476 3270 adscivi-

378 3329 541 3370 mus:
570 3331 745 3386 quam
771 3307 1023 3372 ne„sorte
1054 3307 1275 3364 incuses
1294 3319 1361 3363 ut
1382 3307 1553 3364 nimis
1576 3325 1764 3383 prope
1791 3306 1866 3363 nd
1895 3309 2072 3364 Iratus
2097 3308 2476 3380 accedentem,

381 3417 437 3464 et
454 3407 542 3464 bis
560 3408 685 3464 fere
706 3405 859 3466 idem
884 3405 1167 3462 dicentem
1182 3403 1307 3482 (etsi
1328 3413 1387 3460 et
1406 3402 1524 3460 hoc
1550 3404 1746 3480 inique
1773 3396 2014 3480 seceris),
2035 3403 2176 3460 scias
2202 3417 2480 3464 tumentes
2555 3471 2558 3474 ⁴

258 3512 267 3522 '
380 3504 477 3560 hic
500 3522 621 3560 non
640 3506 729 3560 ira
756 3504 962 3571 modo,
986 3502 1087 3562 sed
1108 3501 1315 3560 dolore
1342 3520 1407 3560 ac
1430 3503 1630 3582 quavis
1654 3501 1876 3560 recenti
1893 3501 2069 3558 animi
2090 3505 2477 3562 commotione

380 3615 539 3662 recte
570 3604 775 3679 accipi3
798 3606 974 3662 immo
1006 3603 1108 3660 ubi
1139 3603 1331 3660 varius
1370 3613 1428 3661 et
1458 3604 1674 3660 mixtus
1698 3615 1782 3660 est
1821 3614 1986 3660 ustus
2015 3602 2329 3673 irascentis,
2357 3605 2474 3662 do·-

381 3702 578 3769 lentis,
605 3700 901 3776 pudentis,
930 3701 1319 3777 dedignantis:
1350 3700 1483 3771 ubi,
1505 3701 1648 3756 utin
1667 3701 1872 3756 Turno
1891 3699 2324 3774 Mezentioque,
2341 3703 2472 3758 AEn.

380 3801 457 3870 X,
472 3801 545 3874 87
556 3821 579 3856 1
588 3839 605 3868 ,
618 3823 643 3852 «ι
655 3809 849 3858 aestuat
864 3798 1062 3876 ingens
1075 3801 1211 3857 Uno
1228 3800 1289 3856 in
1301 3799 1479 3856 corde
1494 3799 1708 3874 pudor,
1722 3797 2020 3873 mixtoque
2033 3798 2248 3856 insania
2263 3799 2438 3856 luctu.
2451 3825 2476 3850 ι.

380 3901 469 3956 Its
496 3911 684 3955 mmor
707 3897 781 3954 de
808 3896 1013 3956 dolore
1034 3910 1091 3955 et
1115 3899 1281 3955 luctu
1304 3897 1510 3954 Cicero
1526 3936 1543 3964 ,
1571 3895 1804 3952 Tuscul.
1827 3896 1946 3966 111,
1971 3915 2040 3952 ια
2063 3915 2078 3952 t
2100 3921 2125 3948 «ι
2146 3897 2220 3951 Et
2243 3897 2476 3970 quidem

382 3995 701 4053 inveterato
730 3996 903 4064 malo,
921 4014 1101 4070 quum
1120 4009 1313 4052 tumor
1326 3995 1516 4050 animi
1538 3993 1850 4050 resedisset.
1863 4017 1887 4044 υ
1911 3995 1983 4050 Et
2005 3993 2071 4050 31
2095 4013 2110 4050 ε
2134 4019 2156 4044 «ι
2171 3995 2306 4050 Erat
2327 3995 2476 4052 enim

383 4091 443 4146 in
468 4104 684 4149 tumore
704 4093 957 4176 unimus,
992 4105 1049 4151 et
1068 4093 1254 4150 omnis
1281 4092 1341 4148 in
1372 4109 1443 4148 eo
1472 4090 1798 4148 tentabatur
1829 4091 2070 4149 curatio.
2093 4116 2116 4140 υ
2140 4092 2215 4147 Et
2233 4093 2331 4163 lv,
2363 4111 2476 4168 ²9²

1142 4277 1149 4284 .
2103 4182 2196 4258 35
