3000 4684
394 409 750 597 *4744-

1043 459 1132 549 Q.
1184 461 1608 532 HoRATu
1657 462 2014 534 FLACCI

477 597 814 667 Illecebris
853 613 998 670 erat
1031 614 1100 670 et
1131 614 1327 694 grata
1362 600 1664 672 novitate
1696 600 2065 672 morandus

476 718 854 809 Spectator,
888 715 1281 812 functusque
1316 719 1557 807 sacris,
1594 735 1669 790 et
1699 735 1934 814 potus,
1970 735 2040 792 et
2068 718 2282 792 exlex.

475 835 729 904 Verum
767 835 861 903 ita
894 836 1174 924 risores,
1209 838 1304 906 ita
1337 836 1814 910 commendare
1847 835 2109 908 dicaces

2456 839 2583 900 225

476 951 852 1057 Conveniet
881 953 1190 1048 Satyros,
1221 953 1318 1022 ita
1353 968 1616 1024 vertere
1650 955 1823 1024 seria
1858 952 2054 1044 ludo,

473 1069 608 1156 Ne,
639 1070 1039 1165 quicumque
1065 1071 1259 1162 deus,
1287 1073 1691 1168 quicumque
1720 1073 2153 1146 adhibebitur
2180 1073 2421 1164 heroS,

471 1184 710 1282 Regali
741 1205 1135 1284 conspectus
1171 1191 1241 1260 in
1275 1216 1443 1262 auro
1478 1217 1698 1287 nuper
1731 1208 1801 1262 et
1830 1208 2055 1282 ostro,

471 1307 724 1401 Migret
753 1309 826 1377 iu
860 1311 1178 1386 obscuras
1210 1309 1452 1384 humili
1483 1337 1799 1398 sermone
1836 1313 2185 1400 tabernam

468 1428 637 1515 Aut,
671 1425 832 1496 dum
867 1430 1035 1500 vitat
1068 1429 1388 1520 humum,
1423 1431 1636 1516 nubes
1668 1445 1737 1502 et
1770 1431 2001 1502 inania
2030 1446 2276 1525 captet.

467 1627 581 1664 men
597 1613 878 1678 gravitatem
897 1613 1144 1682 retinens3
1167 1615 1295 1668 hanc
1310 1615 1474 1682 gravi-

466 1705 614 1748 tatem
635 1697 942 1751 retinendam
956 1699 1073 1752 dum
1089 1699 1333 1765 tragoediae
1347 1711 1478 1772 saty-

465 1780 556 1834 rici
579 1782 680 1848 joci
709 1782 1127 1855 intermiscentur,
1151 1783 1364 1852 explieat
1391 1783 1476 1836 in-

465 1862 541 1916 fra
573 1875 674 1918 226
710 1875 762 1918 et
789 1883 893 1936 seq.
925 1865 1021 1920 En.
1056 1896 1126 1906 —
1153 1863 1468 1932 morandus,

461 1947 758 2002 detinendus
775 1986 792 2017 ,
827 1950 1151 2004 advertendus
1166 1988 1181 2016 ,
1221 1949 1474 2004 oblectan-

463 2032 585 2095 dus,
619 2043 677 2086 ut
702 2051 838 2102 supr.
875 2032 1039 2102 Epist.
1068 2033 1124 2100 1,
1157 2045 1258 2096 13,
1290 2045 1388 2106 ¹⁷,
1423 2042 1475 2086 et

465 2116 586 2170 infr.
617 2135 667 2170 v.
702 2129 822 2170 52¹.
847 2146 918 2156 —
941 2117 1280 2190 Functusque
1310 2117 1474 2170 saonis

462 2213 514 2253 et
527 2213 714 2272 potus,
733 2216 785 2254 et
803 2202 984 2262 exlex,
1013 2201 1125 2256 ideo
1141 2219 1240 2254 non
1259 2201 1472 2256 sufficie-

462 2285 582 2337 bant
596 2302 742 2340 ωσι-ω
758 2286 997 2352 tragoediae
1007 2285 1374 2356 adhibendique
1390 2303 1467 2338 sa-

461 2369 556 2438 tyri
575 2381 718 2420 eraut
744 2371 804 2422 ad
828 2370 1120 2422 detinendos
1139 2361 1434 2438 spectatores
1450 2407 1466 2438 ,

457 2453 574 2524 quia
596 2454 690 2524 ipsi
713 2455 963 2508 sacrificiis
983 2455 1138 2508 functi
1158 2466 1329 2518 erant,
1352 2454 1469 2524 qui-

456 2536 550 2590 bus
569 2537 774 2604 peractis
785 2538 926 2604 vulgo
939 2539 1214 2604 genialibus
1232 2539 1470 2592 conviviis

458 2619 824 2687 indulgebatur,
847 2632 900 2673 et
921 2621 1364 2690 compotationibus
1383 2622 1466 2674 in-

459 2712 702 2772 tererant,
731 2715 783 2758 et
801 2705 933 2774 jam,
965 2707 1070 2758 fere
1087 2706 1250 2770 ebrii,
1279 2705 1467 2757 nullam

454 2785 610 2853 legem
625 2790 966 2856 agnoscebant.
999 2791 1071 2843 Iis
1088 2808 1205 2843 sane
1224 2799 1470 2858 spectato-

455 2870 594 2925 ribus
643 2874 850 2926 minime
891 2875 1244 2928 accommodata
1290 2873 1468 2928 fuisset

453 2971 620 3008 severa
644 2957 885 3024 tragoedias
907 2959 1137 3024 gravitas.
1163 2955 1261 3008 En.

524 3050 646 3092 228.
677 3042 866 3094 Verum
887 3043 956 3092 ita
976 3041 1192 3104 misor-es,
1218 3051 1314 3092 etc.
1339 3039 1464 3092 Sen—

453 3137 565 3174 sus:
588 3121 776 3175 Verum
789 3123 994 3176 decebat
1013 3134 1206 3191 poetam
1227 3122 1462 3189 tragicum

450 3206 520 3258 ita
541 3206 594 3258 in
615 3218 775 3275 partes
791 3224 962 3260 vocare
981 3216 1191 3276 satyram
1211 3245 1226 3274 ,
1252 3217 1302 3259 et
1319 3207 1464 3260 seriis

451 3286 722 3341 admiscere
758 3290 974 3358 ludicra,
1000 3306 1063 3341 ne
1093 3289 1173 3341 vel
1207 3290 1328 3342 deus
1347 3327 1363 3352 ,
1389 3291 1463 3342 vel

448 3371 596 3424 beros
613 3372 794 3442 aliquis
813 3373 866 3425 in
883 3390 1075 3425 scenam
1099 3373 1387 3442 productus,
1414 3383 1467 3424 et

450 3451 690 3524 (nuper)
727 3455 870 3508 modo
906 3455 1058 3522 regali
1105 3455 1464 3520 magnificentia

444 3549 757 3608 conspectus,
791 3550 877 3592 aut
913 3541 974 3592 ad
1008 3539 1274 3592 humiliora
1303 3539 1462 3591 dicte-

448 3622 549 3688 ria,
574 3623 740 3693 qualia
776 3625 827 3676 in
859 3625 1082 3676 obscuris
1117 3624 1335 3675 tabernis
1365 3641 1462 3674 au-

445 3705 676 3770 diuntur,
699 3708 988 3772 descendat,
1013 3717 1124 3772 aut,
1148 3706 1265 3757 dum
1286 3707 1460 3758 humi-

444 3787 570 3842 liora
596 3791 805 3862 refugit,
835 3792 898 3843 ad
923 3791 1098 3844 altiora
1132 3809 1238 3844 sese
1271 3791 1462 3844 attollat

445 3884 496 3924 et
509 3875 678 3928 inania
689 3887 854 3944 captet
875 3877 927 3927 in
949 3875 1375 3932 „abibam—sam
1392 3877 1458 3928 vi·

443 3955 923 4012 deturhicHoratius
935 3961 1296 4030 proeceptadare
1309 3960 1456 4028 hujus

445 4035 627 4087 scenici
655 4043 908 4108 poematis,
927 4053 1116 4111 satyros
1135 4043 1310 4110 g'raecos
1333 4043 1454 4095 imi-

451 4117 620 4182 tantis,
633 4119 1018 4174 Atellanoedicti
1032 4161 1046 4188 ,
1056 4125 1117 4176 ab
1133 4127 1255 4175 urbe
1269 4123 1452 4192 Atella,

2453 1433 2583 1490 230

1553 1617 1603 1667 in
1618 1631 1715 1684 qua
1733 1617 1951 1682 primum
1964 1615 2216 1668 inventum
2234 1617 2414 1669 fuerat.
2437 1617 2496 1669 In
2510 1635 2585 1672 eu

1548 1698 1755 1766 scilicet,
1770 1699 1993 1767 quamvis
2020 1699 2084 1752 de
2108 1716 2170 1752 eo
2186 1717 2284 1752 non
2304 1701 2422 1752 satis
2438 1712 2575 1756 certa

1547 1781 1815 1834 babeamus
1827 1783 2117 1835 documenta
2132 1821 2148 1850 ,
2168 1784 2397 1836 admittas
2418 1785 2579 1838 fuisse

1546 1867 1778 1919 videntur
1798 1877 1849 1918 et
1874 1867 2118 1936 tragoediae
2138 1867 2346 1934 gravitas
2362 1905 2379 1933 ,
2407 1876 2457 1920 et
2480 1885 2569 1920 oo-

1547 1952 1735 2004 moediae
1757 1951 1965 2013 facetia,
1995 1954 2065 2004 ita
2087 1962 2141 2002 ut
2160 1951 2251 2003 hoc
2273 1952 2569 2018 tragicomoe-

1543 2035 1640 2086 diae
1664 2036 1867 2088 nomine
1888 2036 2044 2104 possit
2068 2032 2335 2100 designari.
2368 2035 2467 2088 Eo.
2494 2064 2571 2074 —-

1543 2118 1769 2170 ruore-e..
1785 2157 1795 2167 .
1812 2115 2020 2170 dicaces
2036 2116 2219 2183 Satyri
2226 2135 2314 2184 pm
2332 2136 2344 2166 :
2371 2117 2567 2186 Satyra,

1541 2219 1651 2272 quas
1674 2202 1795 2254 alios
1821 2202 2015 2254 deridet
2038 2210 2088 2252 et
2106 2211 2243 2252 acute
2264 2198 2409 2252 dictis
2428 2217 2569 2268 puu-

1540 2285 1630 2354 git.
1646 2282 2101 2342 —convnendam
2121 2300 2187 2336 sc.
2200 2283 2569 2350 spectatoribus

1541 2381 1592 2422 et
1650 2369 1803 2439 equis
1856 2367 2096 2434 tragoedioe
2146 2365 2559 2420 aestimatoribus.

1544 2447 1901 2506 Commendat-e
1934 2449 2033 2516 jam
2068 2447 2257 2518 aliquid
2290 2447 2565 2514 dicuntur,

1538 2536 1625 2606 qui
1649 2534 1857 2598 faciunt,
1880 2531 2013 2602 quod
2035 2531 2221 2582 dietum
2246 2540 2416 2583 est.—-·
2432 2548 2569 2582 ver-

1540 2633 1643 2672 tere
1668 2621 1803 2670 seria
1832 2615 1979 2676 ludo,
2016 2617 2143 2668 seria
2168 2617 2222 2668 in
2250 2615 2422 2668 ludum
2448 2633 2566 2668 ver-

1542 2713 1677 2766 tere,
1712 2701 2024 2754 commiscere
2048 2699 2177 2752 seria
2198 2716 2308 2751 cum
2334 2698 2468 2750 ludo.
2494 2727 2566 2738 —

1538 2789 1619 2842 Ne
1649 2787 1971 2858 quicumque
2001 2782 2160 2849 deus,
2188 2794 2283 2836 etc.
2315 2782 2411 2836 Hic
2432 2801 2565 2852 prze-

1534 2871 1700 2939 cipere
1715 2870 1917 2921 videtur
1936 2879 2078 2938 poeta
2094 2907 2109 2932 ,
2139 2879 2224 2932 ut,
2254 2867 2308 2918 in
2334 2867 2398 2918 iis
2422 2865 2563 2918 Atel·

1536 2953 1666 3006 lanis
1721 2971 1811 3006 sua
1862 2953 2039 3022 cuique
2102 2968 2322 3021 personas
2372 2949 2568 3003 indolet·⁴

1536 3054 1695 3108 usque
1712 3037 1776 3090 ad
1798 3039 1947 3090 finem
1974 3047 2223 3102 servetur,
2258 3046 2314 3086 ut
2334 3033 2455 3088 deus
2476 3043 2571 3087 aut

1534 3121 1681 3173 heros
1698 3157 1713 3188 ,
1745 3137 1861 3172 mox
1882 3119 1945 3172 ad
1969 3118 2094 3171 sales
2118 3129 2168 3171 et
2190 3117 2427 3169 humilem
2455 3134 2564 3168 ser—

1536 3222 1732 3258 monem
1757 3203 2049 3272 descendat,
2086 3205 2171 3255 sed
2196 3203 2316 3255 deus
2340 3211 2392 3252 et
2414 3199 2561 3253 heros

1536 3289 1781 3356 tragoediae
1794 3299 1983 3358 partem
1998 3287 2250 3358 impleant,
2266 3285 2371 3337 alioe
2387 3293 2561 3336 autem.

1536 3391 1756 3442 personae
1767 3390 1873 3425 com
1881 3374 1980 3438 ieie,
1990 3373 2271 3424 oomoediam
2284 3379 2441 3436 agant.
2452 3367 2558 3420 En.

1536 3457 1888 3534 -εαόεϊιιαες
1910 3459 2137 3510 tabernas
2153 3458 2256 3526 jam
2276 3455 2443 3524 posuit
2453 3453 2567 3507 Ho-

1538 3543 1692 3596 ratius
1709 3581 1725 3606 ,
1739 3559 1827 3614 pro
1844 3557 2113 3611 pauperum
2128 3557 2261 3593 casas
2276 3576 2293 3610 ,
2310 3538 2413 3591 od.
2434 3537 2472 3589 l.
2498 3539 2527 3590 Ι
2546 3554 2563 3586 2

1540 3647 1567 3674 ιι
1588 3627 1771 3696 pallida
1797 3643 1927 3678 mors
1950 3642 2090 3692 aequo
2114 3623 2276 3692 pulsat
2292 3623 2419 3693 pede
2440 3639 2567 3692 pau-

1534 3728 1704 3778 perum
1720 3709 1960 3762 tabernas.
1983 3729 2009 3756 a
2034 3707 2131 3760 Vel
2150 3707 2377 3774 intelligo
2397 3708 2559 3758 taber-

1534 3811 1621 3845 nas
1646 3795 1859 3846 vinarias
1878 3833 1893 3858 ,
1936 3793 1989 3846 in
2015 3795 2196 3864 quibus
2218 3792 2369 3846 liberi
2395 3801 2445 3844 et
2468 3790 2555 3842 in·—

1529 3877 1673 3943 genui
1690 3877 1917 3930 homiues
1952 3895 2049 3928 nou
2078 3875 2421 3927 versabantur.
2450 3873 2551 3924 Eo.
2572 3885 2593 3898 “

1528 3990 1597 3999 -
1620 3959 1783 4010 nubes
1813 3972 1862 4011 et
1898 3960 2078 4009 inania
2109 3971 2355 4030 captet...
2388 3958 2561 4026 etjam

1526 4054 1603 4094 est
1621 4042 1859 4110 particula
1878 4039 2165 4110 explicativa
2186 4055 2305 4108 pro:
2330 4039 2518 4090 scilieet
2538 4075 2557 4106 ,

1529 4127 1578 4178 id
1602 4136 1715 4191 est3
1746 4123 1908 4196 (eous.
1934 4143 2070 4196 supr.
2097 4123 2159 4176 ad
2180 4121 2349 4176 Carm.
2376 4121 2423 4190 1,
2443 4120 2549 4174 Od.
