3000 4684
956 433 1088 500 DE
1137 433 1386 502 ARTE
1433 433 1887 503 POE‘rch.
2322 433 2470 533 439

278 663 286 669 ἢ
377 580 522 646 neri
539 577 638 645 his
655 579 1058 666 temporibus
1073 579 1396 666 praecipue
1419 601 1639 644 curam
1657 578 2143 666 impendebant.
2160 577 2471 667 Quamvis

381 690 554 754 enim
575 737 594 768 ,
634 703 708 754 ut
741 711 822 754 ex
860 687 1156 776 plurimis
1181 703 1364 776 patet
1399 688 1684 776 epistolae
1713 689 1871 754 locis
1886 737 1905 770 ,
1942 688 2024 753 ad
2052 689 2249 755 multa
2273 693 2473 780 respi⁶

383 802 540 880 ciat,
560 821 704 886 quae
728 797 924 864 hodie
945 820 1084 865 non
1105 815 1380 879 exstent,
1407 821 1607 887 opera
1629 824 1647 876 ς
1672 823 1752 864 ex
1773 822 1878 880 eo,
1900 821 2033 886 quo
2056 801 2475 890 monita-pro·

385 909 534 989 fert,
559 906 786 989 modo,
813 908 1030 976 dicere
1060 908 1236 974 haud
1269 909 1732 988 dubitabimus,
1756 931 1895 975 non
1921 908 2049 974 hoc
2080 909 2203 974 sibi
2228 931 2469 1000 propo·

383 1019 576 1086 suisse
610 1020 984 1099 Horatium3
1019 1035 1096 1084 ut
1128 1019 1557 1107 Calpurnium
1582 1023 1891 1105 juvenem
1930 1019 2175 1084 fabulas
2208 1041 2473 1108 compo-

386 1126 630 1192 nendas
655 1127 922 1194 doceret
939 1175 958 1206 ,
995 1125 1110 1192 sed
1140 1126 1355 1214 potius
1379 1142 1454 1192 ut
1479 1126 1605 1213 ipsi
1631 1126 1869 1192 rectius
1896 1125 1981 1191 de
2004 1125 2196 1211 hujus
2222 1129 2503 1215 generis'

389 1236 694 1324 operibus
715 1235 1006 1323 quotidie
1027 1235 1100 1301 in
1121 1235 1332 1302 lucem
1354 1235 1543 1300 editis
1552 1235 1870 1319 judicium
1890 1251 2285 1322 suggereret.

472 1345 608 1408 Hac
647 1343 718 1408 in
749 1343 1023 1431 epistola
1063 1341 1324 1408 liberius
1343 1390 1362 1422 ,
1407 1358 1480 1407 ut
1518 1364 1711 1430 supra
1756 1341 2003 1408 dictum
2037 1358 2168 1423 est,
2211 1361 2479 1433 vagatur

387 1452 639 1530 Noster,
683 1449 928 1516 nedum
971 1472 1104 1516 uno
1145 1471 1406 1538 semper
1445 1448 1811 1538 eodemque
1852 1467 2077 1516 tenore
2115 1452 2472 1538 procedat:

385 1557 664 1646 perinde
685 1582 762 1626 ac
784 1561 835 1626 si
859 1582 1008 1626 cum
1034 1561 1245 1628 amico
1265 1555 1709 1626 deambulanti
1724 1561 1973 1628 nullum
1997 1561 2173 1626 aliud
2194 1563 2301 1642 sit,
2323 1584 2479 1651 proe·
2539 1584 2547 1593 ·

388 1682 682 1754 terquam
712 1666 1194 1750 deambulandi,
1229 1671 1607 1745 consilium3
1648 1670 1963 1757 parvique
1994 1655 2261 1752 referat]
2295 1673 2477 1759 quod

390 1775 472 1840 ad
485 1777 1054 1864 contemplandam
1071 1779 1240 1844 ruris
1258 1779 1725 1859 amoenitntem,
1740 1779 1844 1844 vel
1863 1779 1946 1844 ad
1960 1779 2151 1846 flores
2163 1780 2477 1868 legendos

390 1883 718 1972 paululum
743 1908 779 1949 a
808 1900 992 1951 recta
1021 1885 1346 1966 deflectit,·
1371 1887 1485 1952 vel·
1506 1887 1698 1952 etiam
1730 1909 1933 1974 opaca
1962 1890 2087 1954 sub
2110 1890 2347 1954 arbore
2368 1888 2481 1954 ali·-

392 1997 772 2084 quantisper
811 1997 1159 2084 requiescit
1175 2045 1194 2078 ,
1229 1998 1443 2064 donec
1479 1999 1653 2063 inter
1692 1999 2237 2066 confabulandum
2266 1998 2365 2066 adq
2382 1999 2482 2064 iti-

390 2105 568 2170 neris
603 2105 800 2179 finem
841 2107 1078 2172 sensim
1117 2106 1442 2172 deveniat.
1483 2109 1679 2173 Nullo
1716 2122 1931 2174 autem
1972 2109 2057 2174 de
2096 2123 2483 2196 argumento

387 2213 476 2280 ita
517 2216 776 2303 copiose
819 2218 980 2284 dicit
997 2265 1017 2298 ,
1057 2232 1130 2282 ut
1171 2217 1445 2305 amplius
1487 2218 1731 2306 aliquid
1770 2241 2106 2306 nunquam
2150 2218 2482 2284 desidere-

393 2337 534 2388 tur:
567 2325 812 2391 nullam
849 2327 986 2392 sere
1017 2327 1310 2415 regulam
1345 2327 1510 2394 adeo
1546 2328 1885 2416 perspicue
1918 2327 2271 2407 dilucidet,
2300 2342 2374 2391 ut
2402 2349 2481 2392 ea

389 2433 568 2500 rudis
597 2437 1015 2525 novitiusque
1044 2455 1240 2527 poeta
1271 2437 1470 2504 flacile
1490 2453 1559 2503 et
1586 2454 1769 2504 recte
1798 2440 1893 2504 uti
1921 2453 2153 2527 queat:
2186 2438 2413 2524 saepius
2444 2459 2483 2502 a

391 2542 614 2628 specie
640 2544 814 2612 redit
846 2545 930 2610 ad
963 2569 1208 2634 genus,
1241 2569 1486 2635 nempe
1516 2571 1553 2612 a
1586 2549 1919 2614 cemoediis
1951 2546 2369 2634 tragoediisve
2399 2547 2485 2610 ad

393 2648 582 2712 aliam
613 2651 972 2737 quamlibet
997 2653 1320 2740 poeticam
1359 2655 1935 2740 compositionem3
1978 2677 2198 2740 neque
2219 2653 2483 2720 interim

394 2757 590 2823 unam
627 2759 974 2845 pessimum
1008 2783 1334 2847 quemque
1370 2762 1763 2849 scriptorem
1790 2762 2007 2827 obiter
2030 2761 2345 2850 carpendi
2377 2785 2487 2828 oc·

395 2865 724 2930 casionem
741 2863 1037 2930 dimittit.
1071 2866 1344 2932 Sic-fere
1365 2865 1676 2955 procedit
1694 2867 1777 2931 ad
1799 2865 1975 2932 hunc
1998 2887 2203 2952 usque
2226 2869 2439 2932 locum
2461 2893 2479 2930 ε

403 3002 432 3032 ι
456 2976 551 3038 Τιι
585 2975 744 3062 quid
775 2997 900 3062 ego
933 2991 1001 3041 et
1037 2976 1321 3064 populus
1348 2997 1608 3041 mecum
1628 3023 1647 3055 ,
1688 2977 1814 3041 et'c.
1846 3003 1875 3036 a
1916 2975 2037 3040 ubi
2053 2977 2189 3059 jam
2220 2974 2484 3040 tandem

396 3082 784 3170 discipulum
813 3084 970 3148 artis
1002 3084 1370 3150 dramaticus
1403 3104 1639 3148 arcana
1674 3073 1841 3150 velle
1878 3083 2138 3147 videtur
2163 3079 2479 3147 edocere:

395 3192 578 3277 cujus
597 3191 974 3271 nonnullas,
997 3206 1065 3256 et
1087 3190 1344 3257 maximi
1375 3187 1645 3278 quidem
1672 3189 1989 3255 momenti
2008 3203 2226 3277 partes
2249 3188 2482 3276 tangit,

395 3298 478 3364 ab
507 3298 590 3364 iis
619 3301 982 3388 praecipuez
1019 3329 1047 3360 α
1073 3300 1350 3387 Segnius
1387 3300 1654 3364 irritant
1682 3301 1973 3379 animos,
2003 3315 2133 3364 etc.
2162 3327 2189 3357 n
2233 3298 2316 3362 ad
2345 3297 2485 3362 haec

395 3428 634 3493 usque:
669 3436 699 3469 a
723 3413 900 3474 Neve
937 3409 1156 3474 minor
1194 3408 1463 3495 quinto,
1502 3423 1631 3472 etc.
1662 3437 1699 3468 n
1725 3406 1843 3472 sed
1880 3406 2169 3473 hominis
2202 3421 2485 3494 quatuor

395 3515 724 3595 aetatibus,
750 3538 946 3604 quam
971 3515 1281 3604 pulchre,
1319 3531 1452 3580 tam
1480 3515 1773 3582 breviter
1800 3516 2145 3603 descriptis
2165 3563 2184 3593 ,
2215 3517 2485 3580 ceteris-

291 3709 294 3717 .
395 3643 526 3710 que
557 3622 1035 3710 praetermissis,
1068 3645 1210 3710 quae
1233 3625 1385 3708 jure
1417 3622 1636 3688 locum
1662 3623 1733 3688 in
1768 3617 2084 3710 opusculo
2112 3622 2235 3688 sibi
2268 3621 2481 3687 vindi-

396 3747 650 3804 cassent
667 3779 690 3812 ,
716 3730 769 3796 si
799 3730 1219 3800 dramaticam
1249 3749 1456 3798 artem
1486 3733 1905 3822 peculiariter
1936 3747 2217 3797 tractare
2243 3731 2483 3797 voluis-

395 3857 494 3908 set
511 3891 530 3922 ,
569 3843 800 3908 transit
833 3841 918 3906 ad
948 3843 1135 3908 chori
1167 3857 1418 3932 parteS,
1456 3865 1601 3929 quae
1642 3841 1949 3907 Romanis
1980 3863 2057 3908 ex
2094 3843 2479 3907 Graecorum

397 3948 626 4014 sabulis
655 3966 755 4016 sat
785 3950 1247 4030 innotuerant,
1278 3967 1346 4016 et
1375 3951 1685 4016 historice
1712 3949 1901 4014 simul
1927 3971 2003 4014 ac
2030 3948 2480 4038 philosophice

399 4057 804 4130 demonstrat
839 4061 1146 4148 aquibus
1179 4061 1380 4128 initiis
1409 4060 1492 4127 ad
1528 4059 1811 4128 officium
1834 4059 2020 4126 virile
2046 4059 2323 4126 chorum
2351 4065 2487 4125 ,Εε-

2080 4171 2195 4243 28⁴
