3000 4684
989 368 1362 441 SATIRAE
1409 367 1883 437 ROMANAE.
2361 369 2464 463 xxj

377 512 510 587 lud
537 512 891 611 praecipue
915 506 1431 595 adnitendum,
1459 505 1645 579 illud
1666 505 2095 603 palmarium
2113 561 2131 598 ,
2158 531 2369 579 usum
2396 524 2467 613 et

377 630 694 701 rationes
735 627 1000 700 horum
1041 638 1571 723 praeceptorum
1614 624 2036 715 ostendere,
2072 623 2468 723 eademque

378 743 922 817 auctoritatibus
944 741 1230 831 fulcire,
1255 755 1337 812 ut
1363 738 1601 837 palam
1630 739 1976 812 omnibus
2004 739 2159 831 fiat,
2186 766 2311 814 eos
2339 744 2469 840 qui

381 886 616 935 mores
653 887 824 933 suos
861 860 952 933 ad
984 860 1128 932 hoc
1165 856 1547 957 speculum
1583 881 2023 955 componere
2049 859 2465 955 negligunt,

377 984 573 1078 paria
601 980 831 1053 facere
867 978 1184 1073 aegrotis,
1220 976 1348 1073 qui
1377 972 1603 1046 libros
1625 1028 1645 1065 ,
1680 973 1811 1046 uhi
1847 976 2163 1049 remedia
2191 976 2466 1051 morbis

379 1100 528 1169 suis
572 1094 1171 1195 praescribuntur,
1220 1092 1458 1187 legere
1504 1092 1875 1182 contenti,
1920 1092 2182 1163 medici
2222 1095 2463 1167 consi-

379 1215 558 1287 lium
596 1230 884 1287 tantum
920 1212 1125 1285 abest
1169 1226 1246 1281 ut
1284 1210 1607 1307 capiant,
1637 1224 1717 1281 ut
1746 1234 1841 1280 ne
1869 1208 2275 1306 intelligant
2301 1214 2462 1309 qui·

378 1334 542 1407 dem
573 1334 730 1431 ejus
761 1332 1169 1405 utilitatem.

469 1458 628 1525 Non
676 1452 878 1549 quod
921 1475 1057 1547 ego
1109 1451 1186 1521 in
1243 1448 1785 1521 commentariis
1831 1449 2011 1520 meis
2061 1449 2459 1549 quidquam

375 1569 610 1641 sciens
657 1568 904 1642 volens
942 1565 1525 1665 praetermiserim
1548 1619 1567 1656 ,
1618 1563 1820 1662 quod
1867 1563 1963 1635 ad
2014 1569 2459 1661 grammatici

369 1683 698 1756 officium
728 1684 1110 1781 pertineat.
1153 1686 1382 1780 Spero
1419 1680 1498 1754 id
1530 1704 1871 1752 sensuros
1906 1705 2059 1753 esse
2092 1686 2460 1775 LectoreS,

374 1826 616 1899 neque
640 1802 788 1897 jam
813 1800 1035 1871 ullam
1063 1800 1597 1898 supersuturam
1628 1796 1713 1868 in
1754 1796 1993 1869 verbis
2025 1799 2301 1870 Horatii
2327 1799 2461 1871 dif-

375 1914 772 1989 ficultatem
798 1941 818 1985 :
846 1931 918 1986 at
947 1916 1024 1985 in
1049 1914 1239 1987 hanc
1265 1939 1512 1987 curam
1533 1913 1896 2011 praecipue
1919 1912 2247 2005 incubui,
2267 1929 2346 1987 ut
2364 1940 2462 1985 ar-

370 2049 748 2131 gumenta,
778 2058 938 2132 quae
964 2047 1250 2125 tractat,
1278 2033 1751 2121 illustrarem3
1782 2056 1999 2131 quam
2031 2032 2279 2105 solidae
2312 2034 2457 2106 sint

367 2154 708 2245 rationes»,
725 2176 904 2251 quas
922 2150 1242 2243 adhibet,
1265 2151 1759 2247 indigitarem3
1787 2164 1871 2222 ut
1893 2150 2307 2252 expedirem
2335 2153 2461 2224 cir-

369 2270 602 2343 cuitus
629 2284 704 2341 et
729 2268 1088 2365 ambages,
1117 2293 1248 2366 per
1279 2292 1462 2365 quas
1491 2290 2029 2364 nonnunquam
2063 2267 2341 2341 incedit
2364 2269 2459 2343 ad

367 2386 626 2485 placita
657 2412 785 2459 sua
822 2384 1358 2477 confirmanda,
1405 2401 1476 2457 et
1516 2385 1609 2457 ad
1638 2388 1996 2458 contraria
2035 2387 2413 2459 refutanda
2434 2445 2453 2480 ,

368 2506 482 2579 vel
519 2504 918 2595 eludenda3
953 2522 1034 2577 ut
1059 2506 1434 2577 veritatem
1465 2508 1951 2579 assertionum
1979 2505 2207 2603 ipsius
2234 2506 2455 2579 stabi-

366 2620 610 2711 lirem3
649 2638 729 2694 ut
767 2622 1123 2695 vafritiem
1161 2624 1350 2720 erS,
1389 2621 1519 2694 ubi
1560 2623 1765 2720 quasi
1811 2648 1899 2695 ex
1942 2620 2225 2695 insidiis
2270 2626 2453 2720 agit,

366 2762 528 2836 quae
567 2742 940 2811 Lectorem
975 2739 1394 2837 imperitum
1433 2739 1640 2811 facile
1679 2738 1937 2835 fugiat,
1971 2739 2204 2813 oculis
2228 2766 2450 2842 expo-

365 2879 658 2945 nerem3
693 2871 772 2927 ut
805 2857 1124 2953 denique
1159 2857 1237 2928 in
1273 2857 1603 2955 apricum
1632 2856 2029 2953 proferrem
2064 2857 2453 2933 ridiculum

361 2971 581 3064 illud,
613 2957 815 3070 quod
837 2975 912 3046 in
944 2972 1322 3065 omnibuS,
1347 2998 1527 3070 quas
1555 2986 1959 3071 oppugnat,
1993 2971 2213 3043 rebus
2248 2976 2452 3047 inve-

361 3089 576 3161 nerit.
617 3094 784 3162 Haee
807 3105 1013 3180 sunt,
1038 3114 1200 3188 quae
1227 3088 1398 3161 feeit
1419 3104 1591 3162 ante
1619 3114 1737 3161 me
1772 3112 2015 3161 nemo.
2043 3091 2338 3178 Contra,
2371 3107 2456 3163 ut

359 3221 471 3279 est
502 3210 841 3279 Horatius
876 3232 1098 3280 verus
1131 3212 1470 3294 Proteus,
1512 3208 1611 3279 ita
1652 3206 1850 3280 mille
1886 3207 2153 3281 formas
2192 3210 2450 3301 variat,

359 3322 790 3423 interpretes
833 3348 1006 3397 suos
1053 3348 1242 3421 saepe
1285 3322 1574 3419 effugit,
1619 3324 1747 3422 qui
1786 3350 2015 3422 quum
2059 3328 2299 3424 ipsum
2334 3352 2449 3399 re-

355 3438 810 3536 prehendere
843 3441 1264 3538 nequirent,
1291 3454 1667 3539 stupentes
1696 3439 2055 3535 fecerunt,
2087 3444 2287 3541 quod
2311 3470 2447 3544 po-

357 3570 678 3629 tuerunt.
707 3558 1108 3631 Affixerunt
1145 3559 1214 3631 ei
1251 3582 1749 3656 saepenumero
1786 3584 2087 3633 sensum
2120 3584 2255 3633 suo
2292 3587 2447 3635 non

353 3673 594 3747 solum
623 3672 1023 3767 diversum,
1049 3675 1178 3749 sed
1201 3676 1418 3749 etiam
1451 3676 1865 3768 adversum,
1900 3701 2261 3775 quemque
2291 3680 2445 3778 ipse

349 3812 441 3860 eo
469 3789 636 3862 loco
663 3790 992 3863 refellere
1019 3791 1273 3863 voluit.
1301 3796 1549 3890 Neque
1585 3806 1694 3863 est
1722 3816 1853 3863 cur
1874 3790 2019 3863 illis
2044 3794 2451 3894 quidquam

351 3904 759 3981 detractum
809 3907 1059 4000 velim,
1105 3910 1234 4006 qui
1281 3924 1450 3981 ante
1504 3933 1621 3980 me
1665 3909 1963 3981 Horatio
2013 3910 2441 3987 illustrando
