3000 4684
525 312 670 400 450

1085 310 1173 398 Q.
1223 311 1643 379 HORATH
1690 311 2049 379 FLACCI

519 465 760 538 Infelix
792 467 1014 561 operis
1046 490 1337 558 summa,
1371 468 1529 560 quia
1560 491 1811 561 ponere
1842 483 2077 536 totum.

520 589 830 658 Nesciet:
861 587 1038 656 hunc
1067 611 1194 682 ego
1222 609 1359 676 me,
1389 588 1444 656 si
1471 584 1634 680 quid
1661 611 2067 682 componere
2094 611 2355 678 curem,

2532 543 2683 648 35‘

519 707 677 778 Non
703 706 916 801 magis
945 729 1085 774 esse
1113 703 1342 794 velim,
1371 730 1571 799 quam
1598 731 1807 800 pravo
1834 707 2057 774 vivere
2086 729 2282 796 uaso,

519 821 968 917 Spectandum
998 823 1208 918 nigris
1237 820 1444 892 oculis
1473 825 1799 919 nigroque
1828 823 2091 920 capillo.

613 944 886 1011 Sumtus:
915 941 1268 1012 materiam
1295 942 1564 1032 vestris,
1592 943 1711 1036 qui
1738 943 2057 1032 scribitis,
2086 963 2344 1036 aequam

515 1061 823 1147 viribus,
855 1074 922 1129 et
949 1075 1208 1130 versate
1237 1059 1384 1149 diu,
1416 1059 1579 1154 quid
1606 1061 1783 1129 ferre
1812 1075 2150 1149 recusent,

513 1176 700 1268 Quid
725 1175 986 1248 valeant
1011 1179 1297 1248 humeri.
1327 1179 1454 1248 Cui
1481 1177 1653 1249 lecta
1679 1193 1990 1274 potenter
2017 1180 2149 1250 erit
2175 1203 2315 1268 res»,

2524 1183 2603 1244 lio

514 1297 658 1368 Nec
684 1296 996 1366 facundia
1020 1296 1284 1366 des'eret
1309 1296 1522 1384 hunc,
1549 1321 1675 1366 nec
1700 1295 1961 1368 lucidus
1990 1296 2184 1378 ordo.

514 1411 791 1482 Ordinis
819 1414 958 1484 haec
985 1415 1195 1484 virtus
1223 1416 1350 1484 erit
1377 1428 1445 1483 et
1469 1415 1733 1505 Venus,
1763 1429 1878 1484 aut
1906 1441 2033 1512 ego
2061 1412 2281 1508 fallor,

513 1527 611 1598 Ut
634 1529 776 1623 jam
809 1554 987 1598 nunc
1019 1525 1230 1619 dicat,
1259 1531 1398 1623 jam
1433 1555 1611 1603 nunc
1646 1530 1961 1602 debentia
1994 1531 2161 1621 dici,

511 1643 836 1740 Pleraque
869 1646 1174 1736 differat,
1209 1661 1275 1716 et
1307 1673 1596 1742 praesens
1626 1650 1698 1718 in
1732 1663 1994 1745 tempus
2028 1652 2303 1720 omittat
2338 1673 2355 1719 t

509 1765 659 1834 Hoc
687 1780 896 1854 amet,
915 1765 1046 1836 hoc
1073 1782 1346 1860 spernat
1373 1769 1687 1862 promissi
1712 1771 2027 1841 carminis
2054 1785 2313 1842 auctor.

505 1997 607 2050 turi
624 2035 640 2064 ,
655 1999 739 2050 sed
754 1998 1008 2066 prasentia
1023 1997 1228 2050 formam
1243 1997 1512 2062 induisset3

509 2098 598 2134 nee
617 2083 687 2143 ii,
719 2081 806 2150 qui
838 2081 888 2133 in
918 2082 1012 2131 imo
1039 2081 1201 2148 aliquo
1229 2079 1333 2132 loco
1369 2079 1517 2131 habi-

507 2175 641 2223 tant,
671 2164 812 2214 eima
850 2177 962 2214 eum
1001 2164 1226 2215 habitare
1261 2163 1510 2214 dicuntur.

508 2246 667 2311 (vid.
698 2247 968 2297 Emonam
996 2231 1082 2312 11,
1107 2247 1168 2297 aa
1193 2246 1426 2312 oeloem).
1443 2275 1517 2284 —

495 2345 721 2401 ponem,
753 2331 816 2381 de
847 2330 1145 2392 artificibu33
1177 2331 1244 2383 cf.
1281 2347 1419 2398 supr.
1452 2331 1514 2382 ad

505 2413 600 2466 Od.
625 2412 723 2478 lv,
766 2423 849 2465 88.
883 2441 954 2452 --
979 2412 1317 2482 Spectandum
1348 2414 1515 2484 m'gn's

504 2497 700 2557 oculis,
725 2509 814 2549 etc.
839 2497 1020 2563 Nigroe
1036 2498 1196 2550 oculos
1215 2499 1515 2567 capillosque

505 2582 767 2633 maximam
781 2583 1048 2632 venustatis
1063 2591 1248 2650 partem
1269 2583 1396 2648 apud
1419 2580 1515 2632 no-

507 2681 676 2716 manos
697 2665 846 2716 fuisse
863 2665 976 2733 quis
995 2661 1230 2729 ignorat?
1255 2681 1389 2731 supr.
1411 2662 1512 2714 Od.

437 2804 440 2810 ,
504 2747 557 2813 1,
577 2759 660 2805 83,
681 2759 735 2799 ss
751 2759 869 2800 -122
895 2769 920 2796 ιι
937 2747 1002 2798 Et
1021 2747 1200 2816 Lycum
1221 2741 1375 2812 nigris
1391 2763 1513 2796 ocu-

505 2830 570 2884 lis
591 2869 606 2894 ,
653 2829 887 2900 nigroque
919 2829 1073 2882 Crine
1108 2830 1356 2881 decorum.
1383 2848 1410 2876 a
1445 2829 1515 2878 Et

507 2915 731 2968 Catullus
755 2916 914 2980 nigros
947 2915 1110 2967 oculos
1131 2915 1182 2964 in
1209 2913 1363 2964 amica
1381 2911 1513 2964 For-

507 3001 660 3053 miani
684 2999 947 3065 desiderat,
963 2997 1132 3050 Carm.
1155 2997 1356 3058 XLIII,
1387 3007 1476 3047 ¹-2
1493 3013 1509 3046 ε

509 3105 536 3134 ι
553 3086 695 3137 Salve
717 3101 808 3136 nec
833 3083 1040 3134 minimo
1059 3080 1220 3150 puella
1242 3097 1385 3142 naso,
1407 3077 1517 3132 Nee

505 3168 636 3222 bello
659 3169 814 3237 pede,
846 3183 935 3218 nec
965 3166 1118 3232 nigris
1151 3163 1336 3218 ocellis.
1359 3185 1384 3212 »
1412 3163 1509 3215 En.

581 3263 666 3306 88.
714 3253 966 3319 Quin-rust
1003 3249 1335 3301 Fame-rust-
1385 3246 1517 3300 Car-

497 3325 672 3398 ¹tuine,
705 3352 814 3404 qum
842 3343 940 3385 tam
971 3331 1220 3395 facundia,
1255 3347 1400 3400 quam
1431 3331 1513 3380 lu-

504 3421 616 3473 cido
629 3420 809 3472 ordine
829 3435 883 3470 se
903 3416 1266 3476 commendent,
1297 3415 1515 3480 scriptu-

507 3519 618 3566 rus,
649 3519 751 3553 rem
769 3539 784 3567 ,
817 3500 994 3551 virium
1021 3495 1216 3550 modulo
1242 3511 1514 3547 accommo-

503 3584 700 3644 datam,
738 3583 953 3649 deligere
987 3582 1150 3633 debet.
1171 3607 1240 3618 —-
1275 3595 1513 3650 oequam,

503 3667 893 3718 convenientem.
930 3691 1000 3704 -—
1029 3675 1259 3725 versate,
1299 3679 1517 3730 perpen-

501 3749 608 3801 dite
618 3788 634 3816 ,
649 3749 898 3818 explorate
915 3769 931 3814 3
951 3747 1304 3800 accommodate
1317 3747 1380 3796 ad
1392 3763 1518 3798 one—-

501 3848 586 3894 ra,
627 3851 737 3904 quas
755 3869 770 3900 ,
812 3843 1073 3904 antequam
1104 3831 1326 3883 humeris
1357 3831 1518 3898 impo-

495 3923 678 3966 nantur
693 3953 708 3976 ,
727 3917 958 3970 mnibm
974 3915 1160 3969 versari
1179 3925 1232 3967 et
1251 3913 1517 3984 ponderari

2522 1769 2601 1836 45

1586 1995 1746 2050 solent
1760 2037 1773 2059 ,
1794 2015 1858 2050 an
1870 1997 1999 2050 vires
2018 1999 2081 2050 iis
2102 1999 2317 2052 ferendis
2336 1999 2603 2054 sufficiant.

1585 2109 1657 2120 —
1677 2079 1785 2134 (ἐπὶ
1815 2083 1941 2134 lecta
1964 2095 2195 2153 potenter·
2214 2083 2309 2133 erit
2339 2099 2423 2134 res
2432 2119 2451 2144 ,
2495 2101 2602 2135 rem

1586 2164 1690 2215 sive
1727 2165 1979 2216 materiam
2010 2177 2242 2233 potenter
2275 2163 2421 2231 legit,
2455 2165 2604 2232 cujus

1586 2245 1715 2298 vires
1735 2245 1871 2298 lectoe
1898 2248 2113 2298 materias
2144 2263 2283 2314 pares
2310 2257 2455 2312 sunt,
2496 2247 2591 2318 qui

1586 2343 1722 2393 eam,
1756 2339 1812 2379 nt
1847 2345 1937 2396 par
1964 2339 2067 2392 est,
2092 2341 2322 2397 potenter·
2349 2329 2603 2384 moderari

1584 2409 1723 2460 etad
1758 2410 1879 2462 artis
1911 2427 2129 2462 normam
2164 2410 2378 2478 dirigere
2417 2425 2600 2481 potest.

1584 2521 1654 2532 -
1675 2491 1884 2544 Ordinis
1902 2491 2011 2546 hoec
2027 2533 2043 2558 ,
2072 2505 2165 2546 etc.
2205 2493 2415 2547 Ordinis
2438 2507 2601 2549 autem

1588 2577 1827 2648 (vinus)
1866 2579 2107 2647 praecipua
2138 2579 2228 2632 dos
2261 2591 2313 2632 et
2348 2581 2601 2648 (Venus)

1588 2661 1815 2714 amabilis
1850 2661 2169 2730 pulchritudo
2204 2652 2354 2728 (laec
2382 2663 2508 2736 erit)
2546 2663 2601 2716 iu

1585 2763 1645 2798 eo
1672 2756 1929 2809 cernetur,
1966 2757 2023 2799 ut
2060 2749 2111 2800 in
2150 2747 2394 2818 principio
2432 2747 2600 2802 statim

1588 2831 1730 2900 (jam
1750 2831 1927 2903 nune)
1946 2830 2077 2884 dicat
2096 2871 2111 2898 ,
2130 2851 2239 2902 quae
2262 2831 2403 2912 (jam
2426 2831 2601 2904 nunc)

1584 2915 1637 2964 in
1676 2915 1920 2983 principio
1950 2916 2048 2968 dici
2088 2917 2303 2983 debent,
2333 2917 2517 2970 scilicet
2544 2927 2602 2969 ut

1583 2995 1735 3050 lector
1768 2998 1843 3050 vel
1882 3010 2125 3066 spectator
2162 2999 2214 3051 in
2252 3001 2461 3052 mediam
2494 3018 2599 3053 rem

1586 3082 1833 3148 rapiatur,
1869 3081 2101 3152 pleraque
2130 3079 2401 3153 (dtffimt)
2432 3093 2603 3150 postea

1584 3165 1779 3216 demum
1796 3176 2009 3232 enarret,
2024 3175 2076 3217 et
2090 3181 2218 3217 nunc
2230 3165 2425 3234 quidem
2440 3167 2601 3232 (proe·
2655 3177 2661 3190 ¹

1586 3263 1705 3298 sens
1718 3249 1772 3298 in
1782 3249 2003 3318 tempus)
2020 3251 2234 3302 reticeat.
2248 3249 2429 3299 —Hoc
2441 3261 2597 3308 amec,

1586 3329 1678 3384 hoc
1706 3345 1942 3401 spernat,
1972 3334 2035 3386 de
2062 3331 2293 3402 poematis
2316 3333 2491 3384 ordine
2522 3333 2601 3388 lo-

1584 3424 1752 3479 cutus‚
1780 3415 1883 3481 jain
1906 3413 1967 3466 ad
1990 3415 2147 3467 varias
2166 3414 2274 3478 ejus
2297 3425 2461 3486 partes
2475 3453 2491 3477 ‚
2521 3415 2601 3468 vel

1584 3495 1732 3552 etiam
1746 3497 1807 3549 ad
1819 3499 2035 3566 episodia
2050 3499 2241 3559 transit,
2248 3500 2486 3568 jubetque
2500 3517 2601 3552 non

1584 3584 1748 3634 omnia
1768 3581 1875 3633 sine
1888 3583 2172 3634 discrimine
2190 3583 2366 3636 ol'l'erri
2388 3622 2401 3645 ‚
2426 3583 2507 3635 sed
2537 3600 2597 3636 ea

1589 3673 1777 3717 tantum
1814 3665 1961 3732 deligi
2000 3683 2109 3736 quas
2148 3667 2316 3718 lectori
2354 3667 2590 3736 placeant.

1586 3747 1831 3800 Nonnulli
1850 3749 2121 3802 doctissimi
2148 3751 2441 3820 interpretes
2466 3749 2597 3802 hunc

1584 3846 1777 3883 versum
1800 3833 2026 3901 sequenti
2046 3833 2271 3904 postponi
2286 3833 2496 3895 volnere,
2510 3849 2600 3884 ne-

1586 3915 1685 3968 scio
1704 3924 1869 3969 autem
1886 3933 1983 3986 qua
2010 3916 2075 3970 de
2104 3933 2275 3980 causa3
2304 3933 2458 3986 quum
2480 3933 2598 3968 sane
