3000 4684
949 432 1322 501 sATIRAE
1369 428 1843 501 ROMANAE.
2362 434 2425 527 xj

339 604 384 641 α
422 624 562 644 ......
589 572 976 667 lancesque
1010 582 1084 643 et
1126 566 1273 638 liba
1324 565 1661 638 feremus.
1700 596 1735 634 n
1773 564 2144 665 Deinceps
2182 566 2273 639 ad
2305 566 2443 640 alia

349 687 808 763 miscellanea
836 682 1176 757 translata
1203 696 1334 754 est.
1367 686 1658 755 Festus:
1684 714 1721 749 α
1748 686 1997 756 Satira
2033 683 2179 757 cibi
2212 708 2440 781 genus

339 832 440 879 -ex
467 806 674 877 variis
705 802 926 877 rebus
951 799 1362 873 conditum.
1387 828 1422 866 n
1451 800 1779 895 Migravit
1818 800 1993 874 inde
2020 800 2111 873 ad
2139 825 2255 893 ea,
2284 826 2444 899 quae

353 924 622 997 mentis
657 936 730 993 et
763 919 1042 1016 ingenii
1076 932 1285 1008 sunt;
1319 940 1489 989 nam
1527 917 1716 1017 leges
1730 922 2035 993 Satur-as
2066 942 2447 1019 nuncupa-

353 1054 558 1129 runt,
583 1063 744 1137 quae
771 1036 980 1135 plura
1007 1034 1272 1133 capita,
1301 1048 1426 1105 aut
1453 1034 1702 1133 plures
1730 1036 1980 1109 titulos
2011 1036 2451 1138 complecte-

353 1154 648 1246 bantur,
679 1169 765 1227 ut
800 1152 1032 1251 legem
1055 1147 1370 1239 Iuliam,
1402 1156 1733 1250 Papiam
1752 1204 1772 1241 ,
1802 1158 2253 1253 Poppaeam,
2291 1178 2451 1253 quae

361 1272 736 1345 dicebatur
765 1268 1120 1359 miscella,
1148 1268 1353 1366 quod
1387 1267 1585 1341 idem
1615 1284 1723 1341 est
1750 1294 1919 1342 cum
1938 1276 2231 1364 Satura,
2252 1272 2451 1345 unde
2546 1356 2557 1365 .

357 1390 678 1489 profecta
711 1404 822 1463 est
853 1404 928 1461 et
971 1388 1094 1459 illa
1128 1387 1295 1459 locu
1303 1388 1406 1459 tio
1433 1412 1578 1487 per
1601 1392 1947 1462 Saturam
1978 1390 2453 1489 legemfhm‚

360 1534 590 1606 quum
639 1532 794 1579 non
839 1506 1107 1602 rogatis
1147 1530 1236 1578 ex
1277 1502 1538 1577 ordine
1572 1503 2080 1600 Senatoribus,
2116 1532 2266 1579 non
2302 1508 2453 1581 eol·-

361 1624 604 1717 leetis,
646 1648 788 1697 nec
833 1622 1310 1696 dinumeratis
1359 1624 1777 1714 sententiis,
1824 1648 2079 1697 omnes
2126 1626 2344 1697 simul
2386 1642 2461 1699 et

363 1742 778 1840 promiscue
821 1740 1256 1813 sententiam
1299 1738 1663 1829 ferebant,
1700 1739 1902 1837 quod
1935 1743 2230 1839 proprie
2263 1740 2459 1814 dice-

363 1857 586 1931 batur
625 1882 760 1956 per
799 1862 1150 1929 Saturam
1197 1862 1597 1930 sentencias
1630 1862 2043 1957 exquirere,
2088 1859 2463 1956 quomodo

367 1989 540 2075 post
575 1973 873 2047 Iaelium
907 1972 1256 2073 loquutus
1288 1990 1396 2048 est
1427 1974 1829 2047 Sallustius.
1863 1980 2109 2073 Neque
2140 1974 2262 2059 hic
2290 2000 2465 2048 con-

367 2096 748 2186 stiterunt,
773 2095 992 2167 etiam
1017 2094 1246 2167 libros
1280 2094 1637 2193 quosdam
1666 2094 1804 2167 bae
1836 2094 2319 2195 appellatione
2346 2096 2463 2169 in-

367 2212 858 2307 signiverunt,
894 2225 978 2282 ut
1009 2212 1450 2284 Pescennius
1477 2200 1762 2305 Festus,
1785 2214 1913 2311 qui
1940 2216 2306 2287 Historias
2328 2218 2463 2287 Sa-

371 2340 574 2400 tura-r
601 2326 720 2399 vel
733 2352 886 2427 per
905 2330 1258 2399 Saturam
1291 2326 1509 2400 nobis
1536 2326 1760 2401 dedit.

465 2448 566 2517 Ex
605 2442 722 2515 his
759 2442 1111 2515 omnibus
1151 2443 1505 2542 exemplis
1548 2444 1738 2515 facili
1781 2446 1947 2541 quis
1985 2446 2283 2541 negotio
2325 2444 2467 2518 sibi

375 2560 836 2661 persuadebit
863 2562 1140 2633 Horatii
1166 2584 1388 2660 opera
1414 2560 1593 2635 hinc
1620 2563 1913 2635 traxisse
1940 2577 2213 2635 nomen
2229 2617 2248 2653 ,
2272 2566 2469 2636 Sati-

377 2702 641 2776 rasqae
679 2676 1104 2776 appellataS,
1147 2678 1349 2775 quod
1394 2678 1644 2750 multis
1684 2692 1757 2751 et
1798 2682 2037 2751 variis
2074 2679 2291 2753 rebus
2327 2680 2469 2754 hoc

378 2818 678 2869 ccv-mim
726 2794 1072 2889 rdet-tum
1119 2811 1329 2881 esset,
1383 2794 1760 2894 quomodo
1812 2797 1992 2869 dicit
2042 2798 2465 2896 porphyrio.

379 2912 604 3001 Quod
636 2913 930 3011 quidem
962 2938 1050 2985 ex
1083 2929 1282 3011 parte
1307 2916 1575 2986 ·verum
1612 2928 1755 3003 est3
1792 2937 1963 2985 cave
1986 2915 2187 2985 enim
2220 2930 2467 3013 putes,

383 3052 640 3101 vocem
689 3026 910 3101 nullis
957 3028 1580 3103 intercedentibus
1626 3026 1997 3127 gradibus,
2037 3030 2166 3125 qui
2208 3030 2468 3103 transi-

385 3160 542 3217 tum
569 3144 1003 3243 praeberent,
1033 3146 1276 3217 statim
1298 3145 1444 3217 huc
1469 3146 1896 3219 deductam:
1922 3146 2079 3243 ejus
2110 3147 2473 3241 migratio-

387 3286 516 3333 nes
547 3262 994 3359 antiquiores
1026 3276 1235 3333 erant
1269 3262 1344 3333 in
1391 3262 1563 3333 alias
1599 3286 1748 3353 res,
1783 3286 1945 3360 quae
1986 3263 2475 3361 propinquius

387 3380 689 3449 Horatii
707 3383 1085 3450 Sermones
1111 3378 1647 3475 contingerent.
1674 3377 1782 3450 Ad
1815 3404 2035 3477 quam
2064 3402 2217 3450 rem
2246 3378 2475 3477 expli-

387 3494 692 3565 candam
734 3494 886 3590 Jam
928 3491 1408 3589 accingimur,
1453 3518 1625 3565 eum
1672 3494 2053 3592 sequuturi
2102 3492 2479 3587 ordinem,

387 3613 516 3709 qui
545 3612 685 3710 ipsi
713 3610 1206 3684 Casaubono
1186 3636 1262 3682 m
1303 3625 1627 3684 mentem
1662 3636 1817 3683 non
1850 3610 2140 3682 videtur
2165 3610 2483 3703 venisse,

389 3728 662 3827 quippe
689 3754 846 3801 rem
875 3752 960 3801 ea
991 3728 1156 3801 luce
1182 3729 1602 3827 perfundet,
1630 3745 1712 3802 ut
1744 3728 1947 3801 nulla
1982 3726 2295 3827 amplius
2335 3731 2489 3802 cui·

390 3869 610 3941 quam
643 3845 1094 3943 relinquatur
1144 3845 1236 3917 ad
1274 3844 1765 3918 dubitandum
1800 3846 2113 3916 materia.

489 3964 800 4037 Romani
829 3988 1062 4062 quum
1091 3962 1663 4060 quadringentos
1687 3964 1971 4036 circiter
1993 3986 2229 4041 annos
2250 3967 2489 4039 sceni-
