3000 4684
450 386 587 458 506
1230 390 1754 459 Excunsus
1797 470 1802 480 ,

440 522 659 597 scriptis
681 521 983 588 exstiterit,
1006 538 1077 576 ex
1105 541 1223 595 quo
1250 522 1325 578 ad
1344 534 1497 579 recte
1521 523 1889 580 scribendum
1916 525 2046 600 plus
2066 524 2380 598 adjumenti
2398 544 2538 599 sup-

438 629 595 692 petat
617 618 744 673 viro
773 617 1004 674 cuilibet
1024 619 1285 693 apprime
1302 638 1529 677 sensum
1558 632 1615 675 et
1635 631 1882 679 mentem
1903 621 2157 677 auctoris
2179 619 2532 695 intelligenti.

442 716 617 784 Quod
658 714 731 771 de
754 714 948 770 Tullio
978 716 1389 785 Quintilianus,
1420 716 1475 772 id
1496 757 1512 784 ,
1533 726 1753 772 mutato
1775 718 2028 789 nomine,
2055 718 2128 773 de
2151 722 2290 774 Arte
2313 716 2534 792 poetica

433 809 569 881 jure
590 830 653 865 ac
676 808 883 866 merito
912 809 1023 866 dici
1050 822 1261 887 potest:
1286 836 1311 861 «ι
1326 812 1382 867 Is
1402 830 1459 867 se
1473 813 1597 889 jam
1631 812 1934 891 profecisse
1957 814 2108 881 sciat,
2137 814 2231 870 cui
2251 823 2534 887 praecepta

422 907 666 963 ,Horatii
685 906 849 963 valde
886 906 1211 981 placebunt.
1238 930 1261 958 n
1292 910 1505 965 Omnia
1526 911 1680 966 enim
1712 928 1841 985 qnae
1879 912 2164 987 praecipit,
2199 911 2274 966 ita
2299 921 2433 966 sunt
2457 909 2534 965 ad

440 1004 675 1061 rationis
696 1004 1096 1079 sapientiaeque
1122 1023 1385 1063 normam
1407 1019 1630 1076 exacta,
1661 1020 1730 1065 ut
1759 1009 1806 1065 si
1839 1010 1912 1064 ab
1935 1010 2000 1065 iis
2025 1008 2324 1084 paululum
2345 1004 2530 1063 defle-

440 1114 655 1174 ctatur,
700 1105 820 1177 jam
864 1123 897 1159 a
942 1122 1083 1160 vero
1125 1114 1180 1160 et
1223 1104 1297 1160 ab
1336 1106 1456 1181 ipsa
1495 1124 1696 1163 rerum
1747 1119 1953 1164 natura
1994 1105 2411 1164 deflectendum
2445 1104 2532 1160 sit.

443 1202 616 1271 Quod
646 1202 969 1258 doctissimo
996 1222 1130 1259 sane
1149 1202 1277 1259 viro
1300 1204 1563 1261 accidisse
1584 1204 1788 1273 miror,
1823 1207 1876 1261 J.
1903 1206 2218 1281 Scaligero‚
2241 1206 2342 1278 qui
2356 1244 2372 1271 ,
2393 1202 2536 1260 dum

443 1296 618 1351 ferret
655 1296 727 1352 de
757 1296 864 1352 hac
888 1297 1123 1372 epistola
1141 1296 1441 1369 judicium,
1466 1299 1714 1375 superbe
1735 1319 1800 1356 ac
1821 1299 2103 1355 fastidiose
2127 1318 2285 1355 suam
2303 1308 2536 1354 senten-

440 1402 575 1455 tiam
598 1397 686 1452 his
704 1398 893 1454 verbis
911 1398 1163 1475 aperuit:
1186 1423 1210 1448 α
1226 1400 1313 1454 De
1338 1412 1460 1455 arte
1482 1418 1701 1473 quaeroe
1719 1399 1862 1477 quid
1881 1400 2147 1455 sentiam:
2177 1398 2355 1472 quid?
2375 1400 2537 1472 equi-

444 1497 575 1551 dem
607 1494 767 1569 quod
794 1494 867 1551 de
894 1506 1015 1551 arte
1042 1495 1160 1551 sine
1187 1506 1308 1552 arte
1334 1496 1558 1553 tradita.
1581 1520 1605 1547 n
1633 1498 1707 1553 Et
1737 1507 2040 1573 postquam
2067 1494 2313 1569 singulas
2345 1496 2534 1569 operis

442 1601 630 1664 partes
678 1587 864 1645 obiter
904 1589 1272 1664 recognovit,
1321 1608 1463 1663 ques
1494 1590 1734 1649 naeniam
1773 1590 2084 1659 intellexit,
2131 1589 2318 1646 innuit
2355 1599 2534 1644 artem

442 1687 605 1742 istam
629 1687 841 1742 nemini
867 1698 1249 1762 praeterquam
1282 1706 1469 1763 puero
1492 1687 1751 1765 placere,
1771 1708 1968 1763 neque
1999 1688 2187 1743 ullum
2212 1704 2282 1743 ex
2308 1706 2373 1743 ea
2401 1686 2536 1742 fru-

442 1796 598 1840 ctum
636 1784 858 1859 percipi
892 1803 1073 1859 posse.
1114 1788 1235 1859 Age
1264 1803 1403 1841 vero
1420 1825 1435 1852 ,
1473 1786 1644 1861 plane
1686 1804 1792 1862 ego
1839 1782 1942 1842 tibi
1982 1786 2225 1841 invicem
2251 1784 2504 1860 aperiam
2521 1825 2537 1851 ,

444 1901 550 1938 eur
578 1882 680 1938 ista
706 1902 799 1939 ars
824 1885 1045 1958 poetica
1074 1894 1233 1939 tanto
1260 1882 1389 1939 viro
1421 1884 1513 1940 vel
1536 1884 1730 1960 parvi,
1749 1885 1842 1941 vel
1865 1882 2081 1941 nuilius
2103 1884 2340 1940 omnino
2365 1882 2546 1957 pretii

442 1980 559 2036 visa
580 1980 768 2036 fuerit.
795 1981 845 2035 J.
868 1980 1120 2057 Scaliger
1143 1980 1411 2037 Poeticen
1434 1980 1553 2055 ipse
1578 1999 1814 2056 quoque
1843 1982 2116 2049 ediderat,
2137 1998 2354 2055 magnae
2373 1978 2547 2035 molis

446 2096 622 2151 opus,
652 2096 772 2151 quo
800 2078 967 2133 unice
995 2070 1399 2133 delectabatur.
1441 2078 1644 2153 Neque
1693 2076 1988 2135 diffitebor
2029 2096 2194 2134 suum
2229 2095 2344 2133 esse
2373 2077 2544 2151 operi

444 2176 711 2252 pretium.
734 2181 883 2253 Apta
903 2178 1112 2234 scilicet
1132 2178 1379 2253 partium
1400 2179 1769 2254 compositio,
1797 2196 2012 2235 summa
2034 2176 2249 2233 ordinis
2269 2172 2540 2230 servandi

442 2293 604 2340 cura,
630 2274 821 2329 limata
852 2286 907 2330 et
937 2274 1022 2329 rei
1048 2274 1191 2330 bene
1218 2292 1548 2351 congruens
1575 2274 1854 2341 elocutio;
1886 2274 2024 2346 quid
2053 2270 2260 2346 plura?
2287 2270 2534 2325 muitum

446 2369 810 2437 eruditionis,
843 2388 1051 2444 parum
1080 2389 1221 2426 vero
1242 2370 1476 2443 judicii,
1508 2370 1667 2445 quod
1694 2370 1754 2423 in
1793 2370 1906 2424 hoc
1945 2366 2295 2441 scriptorum
2323 2384 2554 2441 genere

446 2468 797 2544 praecipuum
830 2477 925 2522 est.
962 2467 1173 2522 Omnia
1200 2466 1317 2523 sere
1342 2478 1626 2543 praecepta
1665 2466 1737 2522 ad
1764 2464 2070 2520 levissimas
2097 2482 2188 2519 res
2213 2464 2542 2537 pertinent,

447 2576 504 2621 et
530 2564 872 2639 plerumque
896 2564 968 2620 ad
994 2564 1185 2620 futiles
1215 2564 1431 2620 abeunt
1458 2565 1728 2640 argutias,
1751 2581 1875 2637 quae
1901 2560 2166 2637 profecto
2190 2560 2551 2636 grammatici

448 2674 596 2731 sunt,
624 2674 805 2738 poetae
833 2681 950 2719 esse
976 2682 1097 2719 non
1123 2674 1379 2737 possunt.
1394 2664 1465 2718 In
1495 2674 1652 2718 tanta
1675 2672 1906 2735 tamque
1929 2652 2423 2716 immensa‘rerum
2447 2670 2546 2714 aut

448 2760 758 2830 subtilium,
777 2772 875 2816 aut
894 2760 1182 2816 inutilium
1208 2759 1594 2826 multitudine,
1612 2759 1829 2815 frustra
1855 2776 2046 2833 speres
2073 2764 2128 2813 te
2147 2757 2542 2812 inventurum:

450 2884 474 2910 «
494 2858 664 2915 Unde
694 2870 974 2934 parentur
1001 2878 1166 2933 opes;
1196 2858 1335 2933 quid
1362 2857 1472 2913 alat
1497 2856 1824 2931 formetque
1849 2866 2111 2931 poetam:
2139 2852 2294 2923 Quid
2323 2854 2544 2920 deceat,

450 2958 591 3032 quid
620 2977 775 3026 τιστις
813 2976 933 3031 quo
968 2957 1176 3025 virtus,
1222 2974 1340 3031 quo
1386 2956 1534 3012 serat
1561 2972 1745 3011 error.
1769 2980 1794 3001 u
1819 2958 1961 3025 Qnae
1993 2966 2195 3010 contra
2231 2953 2290 3007 in
2321 2952 2546 3008 Horatii

450 3056 732 3132 opusculo
760 3054 967 3122 nitide,
1002 3066 1056 3110 et
1084 3065 1230 3130 apte,
1256 3065 1311 3110 et
1334 3054 1542 3122 stricte,
1565 3064 1622 3108 et
1647 3052 1938 3127 eieganter
1959 3052 2426 3107 demonstrantur
2447 3048 2540 3113 ita,

452 3166 517 3207 ut
544 3172 663 3208 non
698 3152 871 3208 semel
903 3170 973 3207 ex
1004 3169 1125 3206 uno
1154 3167 1350 3220 versu,
1385 3162 1554 3225 poeta
1583 3148 1745 3205 rudis
1781 3160 1838 3205 ct
1868 3150 1983 3204 tiro
2014 3144 2148 3223 plus
2177 3147 2359 3223 capiat
2383 3145 2542 3202 utili-

452 3252 599 3318 tatis,
616 3268 789 3324 quam
805 3270 877 3306 ex
898 3262 1022 3305 toto
1043 3249 1317 3323 scaligeri
1330 3246 1644 3305 volumine.
1655 3246 1925 3321 Denique
1943 3246 2253 3302 Horatiana
2267 3254 2542 3319 praecepta

453 3368 625 3423 quam
652 3366 789 3424 vere
810 3350 920 3405 sint
959 3348 1032 3403 ad
1056 3348 1233 3421 ipsam
1261 3364 1461 3402 rerum
1484 3356 1748 3400 naturam
1772 3342 2203 3401 accommodata
2220 3382 2236 3409 ,
2265 3360 2390 3415 quae
2409 3338 2546 3395 uhi—

454 3464 569 3520 que
592 3458 647 3501 et
672 3464 895 3521 semper
923 3444 1121 3501 eadem
1150 3444 1383 3512 est,hoc
1412 3459 1592 3497 unum
1623 3442 1751 3498 satis
1769 3440 1998 3516 probat,
2025 3438 2186 3513 quod
2205 3457 2379 3495 nemo
2399 3438 2546 3493 hac-

454 3556 622 3600 tenus
644 3544 900 3619 potuerit
926 3554 983 3599 et
1023 3562 1139 3599 esse
1170 3554 1373 3617 poeta,
1414 3539 1704 3607 etvideri,
1731 3540 1840 3595 nisi
1877 3538 1994 3626 quiae
2012 3538 2164 3612 leges
2197 3538 2273 3592 ab
2303 3534 2556 3592 Horatio

456 3642 691 3698 traditas
723 3640 925 3697 sedulo
948 3640 1275 3695 servaverit.

534 3740 763 3796 Nemini
791 3738 1031 3796 dubium
1061 3750 1174 3809 est,
1210 3738 1351 3813 quin
1374 3739 1524 3793 inter
1553 3734 1830 3809 Epistolas
1853 3732 2188 3789 referendus
2215 3733 2286 3787 sit
2315 3731 2390 3785 de
2411 3732 2550 3783 Am-

456 3838 691 3911 poetica
716 3838 893 3905 libem
922 3838 999 3892 ita
1028 3836 1181 3893 enim
1213 3835 1323 3891 fuit
1350 3836 1492 3891 olim
1521 3832 1852 3906 inscriptus,
1881 3842 1950 3886 ut
1969 3838 2190 3885 constat
2215 3844 2288 3883 ex
2307 3825 2548 3896 Quinti·

460 3934 633 4000 liano,
650 3936 764 3991 loc.
781 3954 905 4011 sup.
922 3936 1014 3991 cit.
1026 3936 1117 3991 vei
1132 3935 1347 4010 abipso
1362 3933 1624 4000 Horatio,
1637 3931 1730 3985 vel
1751 3930 1977 3992 ab'aliis.
1993 3940 2057 3985 ut
2073 3948 2106 3985 a
2119 3927 2338 3994 ceteris,
2355 3924 2554 3992 credo,

463 4042 854 4085 secerneretur
874 4032 1125 4104 epistolis
1139 4070 1156 4097 ‚
1182 4032 1283 4086 ubi
1308 4049 1429 4087 non
1456 4030 1564 4085 nisi
1587 4028 1778 4083 oblata
1795 4028 2108 4094 occasione,
2131 4036 2187 4081 et
2209 4024 2398 4081 obiter
2419 4022 2556 4094 qui-

464 4124 613 4191 dem,
629 4122 835 4179 Noster
855 4128 1069 4197 poesim
1086 4136 1305 4183 tractat.
1332 4128 1487 4195 Quid
1509 4127 1582 4183 de
1603 4124 1866 4201 opusculi
1881 4122 2056 4195 hujus
2075 4122 2374 4197 proposito
2395 4128 2564 4173 vetus
