3000 4684
755 459 763 464 .
883 384 894 400 ’
945 397 1078 464 DE
1127 397 1376 466 ARTE
1423 397 1881 468 POETICA.
2324 397 2471 486 435

464 547 632 611 Hinc
657 545 918 610 demum
951 547 1224 634 patebit,
1255 568 1381 633 qua
1414 545 1497 610 de
1530 569 1715 611 causa
1747 547 1815 610 in
1840 546 2145 634 pessimos
2180 571 2469 639 quosque

375 655 578 720 oetatis
607 677 734 720 suae
771 671 997 742 poetas
1041 669 1174 719 tam
1216 653 1450 720 acriter
1490 654 1871 732 invehatur3
1905 680 2022 720 cur
2058 657 2140 721 de
2177 659 2479 726 cavendis

378 785 648 850 poeseos
689 762 1008 828 illecebris
1053 761 1482 850 periculisque
1522 762 1752 851 saepius
1792 785 1869 826 ac
1908 765 2136 850 saepius
2175 782 2473 843 moneat3

379 869 988 958 adolescentuloque
1026 871 1200 958 leges
1227 869 1522 958 imponat
1553 871 1718 936 adeo
1755 895 2040 951 severas,
2071 888 2145 937 ut
2168 875 2483 940 mediocri

307 1053 322 1070 ·
380 982 575 1048 etiam
591 996 802 1068 poetae
825 980 934 1046 vix
952 980 1316 1046 tolerabiles
1335 977 1705 1059 videantur,
1732 995 1799 1044 et
1827 981 2099 1046 subinde
2128 983 2196 1046 in
2218 971 2485 1050 vesanos

381 1089 748 1176 scriptores,
777 1088 866 1153 sic
889 1089 1062 1152 enim
1088 1110 1198 1152 eos
1223 1086 1531 1175 appellat,
1565 1084 1912 1153 acerrimos
1934 1089 2091 1154 sales
2116 1091 2480 1177 inspergat:

384 1198 615 1284 quibus
635 1198 942 1263 omnibus
965 1196 1230 1262 dimidia
1252 1198 1389 1261 fere
1412 1219 1563 1282 pars
1584 1197 1867 1284 epistolae
1891 1214 2167 1263 tenetur.

469 1306 601 1372 Etsi
649 1306 733 1371 de
779 1305 957 1370 istius
1000 1275 1289 1393 epistolae
1337 1305 1678 1394 proposito
1724 1305 2043 1394 quidquid
2090 1309 2439 1374 sentiebam
2464 1355 2481 1388 ‚

383 1418 720 1495 ὑποθετικῶς
745 1417 898 1503 ipse·
911 1415 1177 1506 protuli,
1195 1415 1286 1479 ita
1307 1429 1382 1479 ut
1407 1436 1529 1502 per
1550 1436 1655 1479 me
1682 1415 1880 1480 cuivis
1898 1415 2087 1480 liceat
2108 1417 2485 1503 opinionem

384 1551 596 1596 meam
613 1553 752 1596 non
773 1529 898 1594 nisi
913 1529 1304 1615 conjecturis
1323 1527 1547 1593 fultam
1566 1527 1911 1615 nixamque
1930 1531 2319 1612 existimare,
2336 1555 2487 1598 con-

387 1639 522 1704 fido
558 1654 778 1703 tamen
808 1661 916 1702 me
942 1638 1088 1704 viro
1123 1637 1389 1703 cuilibet
1421 1659 1561 1702 eam
1596 1641 2105 1727 approbaturum
2132 1642 2327 1730 paulo
2352 1640 2490 1705 dili—

388 1747 640 1834 gentius
659 1746 1062 1826 attendenti,
1094 1769 1289 1833 quam
1328 1747 1647 1812 incuriose
1668 1795 1685 1826 ,
1720 1769 1915 1835 quam
1936 1750 2345 1837 negligenter
2364 1771 2486 1838 per

390 1871 594 1922 totam
623 1857 792 1922 hanc
827 1857 1160 1944 epistolam
1207 1860 1438 1922 Noster
1478 1857 1734 1944 evagari
1762 1857 2080 1937 videatur,
2118 1880 2486 1947 quanquam

389 1987 646 2053 semper
679 1965 760 2030 ad
799 1966 1204 2054 propositum
1237 1965 1470 2044 tendit,
1509 1966 1707 2030 immo
1744 1967 1937 2032 etiam
1974 1967 2059 2032 ab
2094 1967 2238 2053 ipso
2275 1967 2491 2055 operis

389 2073 577 2138 initio
613 2074 892 2140 festinat.
938 2077 1182 2139 Forsan
1213 2089 1282 2138 et
1310 2074 1621 2140 lectorem
1642 2075 1897 2158 juvabit
1936 2073 2183 2162 singula
2217 2097 2491 2162 quaeque

388 2183 578 2269 hujus
610 2185 894 2272 epistolae
921 2185 1062 2250 loca
1099 2185 1314 2250 obiter
1347 2185 1799 2272 recognovisse
1818 2233 1835 2264 ,
1878 2208 1957 2249 eo
1998 2185 2177 2272 quasi
2218 2184 2383 2250 duce
2424 2201 2491 2249 et

393 2296 670 2383 auspice,
697 2296 811 2382 qui
829 2295 1082 2379 jamdiu
1105 2293 1445 2361 Horatium
1468 2294 1868 2384 pedetentim
1896 2294 2334 2381 subsequitur.

481 2407 702 2490 Quum
723 2405 958 2470 senties
979 2405 1198 2493 operis
1211 2405 1621 2490 propositum
1640 2405 1889 2490 assequi
1908 2418 1976 2468 te
1990 2423 2127 2468 non
2139 2421 2351 2490 posse,
2366 2404 2491 2468 nisi

391 2511 618 2577 sedulo
639 2513 870 2578 texeris
893 2514 1052 2599 quid
1077 2512 1198 2578 tibi
1220 2513 1306 2576 sit
1321 2513 1595 2592 consilii,
1612 2511 1743 2579 hoc
1760 2535 1913 2578 sane
1930 2513 2249 2600 optimum
2268 2513 2486 2590 fuerit,

393 2619 446 2684 si
487 2618 796 2684 lectorem
841 2643 980 2685 non
1017 2621 1485 2707 proemonueris
1502 2667 1521 2698 ,
1554 2643 1687 2705 quo
1722 2620 1881 2685 velis
1914 2643 2063 2684 eum
2099 2621 2485 2705 perducere.

399 2732 618 2814 Quare
645 2731 878 2794 Noster
895 2729 1060 2794 nihil
1085 2727 1388 2816 praefatus
1405 2775 1424 2806 ‚
1457 2725 2002 2794 adolescentulum
2032 2731 2345 2795 aemonis
2374 2755 2493 2796 no-

394 2835 592 2904 vitate
615 2835 1008 2923 perculsum,
1035 2834 1371 2900 Socratico
1393 2833 1476 2898 de
1497 2855 1683 2898 more
1705 2834 1773 2897 in
1801 2835 2003 2920 ipsam
2024 2855 2165 2898 rem
2191 2837 2385 2921 rapit,
2408 2838 2493 2900 ab

399 2964 479 3008 eo
499 2942 684 3019 vitio,
712 2937 780 3006 et
809 2941 1176 3028 turpissimo
1194 2939 1484 3027 quidem,
1509 2961 1796 3018 exorsus,
1821 2939 2003 3024 quod
2022 2940 2313 3003 omnium
2336 2963 2493 3027 poe-

399 3069 611 3118 tarum
651 3073 998 3117 commune
1033 3066 1130 3116 est
1171 3063 1309 3114 arte
1350 3066 1418 3115 et
1453 3049 1717 3136 ingenio
1757 3049 2135 3114 carentium.
2180 3048 2495 3114 Nimirum

398 3160 682 3226 infelices
705 3158 924 3246 operis
947 3178 1196 3224 summa
1217 3205 1234 3236 ,
1264 3172 1472 3222 totum
1497 3156 1741 3243 aliquid
1754 3178 2007 3244 ponere
2026 3155 2357 3233 nesciunt3
2390 3180 2498 3223 eo-

400 3289 548 3332 rum
589 3265 888 3354 incoeptis
924 3265 1310 3355 plerumque
1345 3279 1687 3330 assuuntur
1731 3263 1931 3353 panni
1968 3262 2225 3329 aliunde
2264 3265 2492 3352 petiti:

400 3373 794 3462 principium
819 3395 856 3437 a
887 3373 1105 3444 medio
1125 3419 1146 3450 ,
1185 3371 1470 3437 medium
1504 3393 1539 3436 a
1575 3371 1705 3437 fine
1742 3367 2104 3460 discrepat3
2144 3395 2358 3460 neque
2392 3373 2499 3438 illa
2582 3365 2605 3394 ’

403 3483 668 3548 demum
687 3483 952 3571 fingitur
983 3483 1252 3571 species,
1279 3498 1354 3547 ut
1384 3483 1667 3548 humana
1695 3482 1764 3546 in
1796 3482 1983 3560 facie,
2006 3473 2090 3547 eo
2114 3481 2492 3568 jucundior,

406 3615 538 3680 quo
565 3593 774 3679 aptius
801 3591 1418 3680 convenientiusque
1441 3592 1707 3680 singulae
1732 3608 1951 3679 partes
1971 3593 2087 3656 uni
2106 3592 2331 3657 formae
2354 3593 2501 3658 red-

407 3698 667 3764 dantur.
708 3700 910 3784 Quod
943 3716 1160 3765 autem
1194 3700 1330 3787 ipse
1367 3700 1490 3766 sibi
1523 3703 1755 3764 Noster
1790 3699 2049 3783 objicit=
2078 3727 2107 3757 α
2134 3700 2501 3767 Pictor-ibus

407 3825 600 3897 atque
620 3809 830 3896 poetis
852 3809 1190 3894 Quidlibet
1209 3808 1492 3875 audendi
1509 3829 1765 3894 semper
1784 3807 1907 3872 fuit
1928 3829 2109 3894 sequa
2127 3823 2441 3894 potestas;
2466 3839 2495 3868 ι

411 3915 535 3982 hoc
566 3938 703 3983 non
730 3917 852 3982 nisi
883 3939 922 3980 a
953 3917 1165 3981 tirone
1197 3931 1569 4004 exspectare
1593 3929 1883 4000 poterat,
1916 3905 2175 4000 qualem
2202 3913 2386 3980 fixisse
2400 3920 2502 4002 ju·

413 4044 646 4088 venum
683 4027 994 4109 majorem
1025 4044 1215 4110 supra
1251 4022 1622 4110 posuimus:
1664 4019 2141 4107 respondetque
2171 4022 2503 4108 afferendo

2100 4134 2215 4203 28·
